2662 4298
337 363 652 403 mmmmm-rourum
675 364 739 404 oar.
762 364 836 403 xvn.
1077 347 1133 404 131

64 533 264 609 privaverunt,
295 530 330 588 iis
362 533 560 606 obtemperare
592 536 736 601 tenentur,
770 532 911 607 fidemque
940 551 1066 604 servare,
1089 534 1136 592 vel

18 646 26 651 -
64 614 100 671 ad
133 612 162 670 id
194 611 273 686 eogi;
306 615 427 686 excepto
455 630 498 682 eo,
521 611 567 670 oui
587 612 666 670 Deus
687 617 768 670 serta
788 612 965 671 revelatione
987 612 1135 688 singulare

12 697 18 704 '
63 699 167 752 eontra
187 693 355 767 Tyrannum
376 691 540 766 promiserit
554 691 703 761 auxilium,
719 693 789 750 vel*
801 691 971 751 nominatim
983 698 1134 769 exceptum

64 773 165 831 voluit.
188 772 234 831 Sio
255 771 394 843 videmus
417 791 454 830 ex
474 776 519 830 tot
539 771 658 839 iudaeis,
681 772 730 847 qui
750 772 781 830 in
801 773 951 848 Babylone
966 778 1059 844 erant,
1075 779 1135 832 tres
1210 783 1214 789 ’

64 858 178 911 tanturn
187 853 319 928 juvenes,
331 851 380 927 qui
391 852 426 910 de
437 851 490 910 Dei
502 851 609 910 auxilio
620 872 679 910 non
686 852 868 923 dubitabant,
877 853 904 911 N
905 853 1133 912 abueadonozori

63 936 264 1008 obtemperare
295 932 438 1002 noluisse;
459 931 563 1007 reliqui
583 938 680 990 autem
701 932 763 990 sine
784 932 880 1004 dubio,
902 938 1024 1009 exeepto
1046 933 1133 993 etiarn

63 1013 193 1082 Daniele,
215 1032 300 1087 quem
321 1014 385 1070 Rex
405 1012 467 1088 ipse
477 1012 660 1082 adoraverat,
670 1013 735 1087 jure
747 1012 838 1071 ooaeti
850 1015 1133 1089 obtemperaverunt,

62 1093 159 1152 auimo
181 1094 255 1151 forte
268 1096 446 1168 reputanteS,
461 1111 493 1150 se
505 1112 543 1150 ex
553 1092 607 1150 Dei
619 1093 734 1151 deoreto
746 1093 820 1167 Regi
832 1093 954 1165 deditos,
968 1095 1134 1170 Regemque

62 1193 204 1232 summum
236 1172 367 1231 obtinere
396 1171 548 1247 imperium
579 1177 608 1231 et
639 1172 738 1231 divina
770 1173 927 1232 directione
949 1193 1132 1233 conservare.

62 1254 172 1312 Contra
203 1253 367 1324 Eleazarus,
400 1257 496 1310 stante
528 1253 622 1311 adhue
655 1257 801 1328 uteunque
832 1253 941 1324 Patria,
969 1255 1133 1328 exemplum

61 1333 235 1392 constantiae
257 1332 317 1391 suis
331 1333 400 1391 dare
411 1332 511 1404 voluit,
525 1338 558 1391 ut
568 1353 633 1391 eum
644 1332 736 1391 secuti
749 1332 845 1391 omnia
856 1333 952 1408 potius
963 1334 1132 1404 tolerarent,

62 1434 148 1489 quam
169 1418 340 1489 paterentur
357 1413 406 1488 jus
427 1433 511 1470 suum
532 1417 562 1471 et
582 1417 756 1489 potestatem
777 1413 807 1470 in
829 1412 947 1472 Croesos
969 1415 1131 1482 transferri,

63 1500 94 1553 et
116 1493 212 1552 omnia
226 1493 436 1569 experirentur,
448 1513 485 1551 ue
496 1493 526 1550 in
537 1493 727 1552 Ethuioorum
737 1494 822 1551 fidem
832 1494 931 1569 jurare
943 1500 1131 1568 cogerentur3

64 1575 142 1650 quod
164 1573 250 1632 etiam
272 1573 441 1650 quotidiana
462 1573 642 1647 experientia
662 1574 858 1632 confirmatur.
880 1574 936 1644 Qui
950 1574 1025 1632 enim
1038 1574 1132 1634 Chris-

61 1655 174 1713 tianum
204 1653 356 1729 imperium
388 1653 529 1723 obtinent,
562 1654 598 1712 ad
625 1653 764 1729 majorem
785 1654 848 1729 ejus
870 1655 1055 1713 seouritatem
1077 1675 1134 1713 non

62 1734 207 1804 dubitant,
240 1734 333 1792 foedus
364 1754 428 1792 eum
461 1733 562 1792 Turois
587 1738 616 1792 et
636 1733 767 1793 Ethnieis
787 1754 926 1810 pangere,
948 1735 1135 1811 subditosque

61 1834 139 1885 suos,
163 1813 212 1890 qui
233 1833 267 1872 eo
289 1813 451 1872 habitatum
473 1818 551 1886 eunt,
573 1814 683 1889 jubere,
707 1834 744 1872 ne
764 1815 902 1890 majorem
923 1813 1085 1874 libertatem
1099 1817 1134 1874 ad

60 1894 169 1970 aliquid
184 1895 341 1953 humanum
354 1898 406 1952 aut
418 1893 547 1953 divinum
560 1895 754 1953 exercendum
766 1899 890 1966 sumant,
903 1915 988 1970 quam
999 1914 1136 1971 expresse

60 1979 282 2045 contraxerunt,
304 1975 351 2033 vel
371 1974 441 2037 illud
462 1973 615 2050 imperium
636 1974 776 2033 oonoedit.
792 1975 834 2034 Ut
844 1978 926 2050 patet
937 1995 973 2034 ex
985 1980 1135 2034 ooutraotu

62 2056 219 2130 Belgarum
243 2075 307 2113 eum
328 2054 552 2130 Japonensibus,
575 2055 610 2113 de
632 2075 688 2130 quo
710 2074 798 2130 supra
820 2054 953 2113 diximus.

453 2215 624 2274 CAPUT
656 2216 751 2274 XVII.

59 2379 237 2446 Ostenditum
269 2379 408 2435 nemiuem
437 2379 533 2434 omnia
555 2379 584 2434 in
608 2378 759 2434 Summum
781 2379 947 2435 Potestolem
970 2380 1133 2448 trausfhrre

94 2476 188 2533 posse,
221 2477 271 2515 uee
302 2476 358 2514 esse
388 2475 500 2514 neeesse.
534 2458 577 2516 De
598 2457 758 2532 Republica,
775 2458 974 2526 Hebraeorum,
997 2458 1091 2532 qeiolis

118 2539 210 2611 feeerit
240 2539 346 2595 uiuente
374 2537 463 2606 Mose,
486 2538 581 2612 quetis
598 2544 663 2612 posi
683 2540 745 2613 ejus
765 2545 894 2608 moriem,
918 2546 1069 2612 autequam

139 2619 228 2692 Repes
258 2618 399 2692 elegerint,
433 2619 520 2692 deque
537 2618 601 2693 >ejus
617 2621 809 2693 prestantia·
830 2625 854 2676 et
875 2620 993 2693 denique
1016 2619 1049 2676 de

160 2699 255 2755 causis
276 2717 329 2755 eur
350 2697 520 2772 Respublica
541 2699 640 2755 diuino
661 2701 788 2768 interire,
810 2706 835 2756 et
856 2701 904 2758 eiu
925 2699 1029 2773 ubsque

343 2779 527 2836 seditionibus
546 2779 697 2836 subsistere
713 2781 849 2853 potuerit.

99 2935 312 3011 Contemplatio
342 2936 534 3011 praecedentis
566 2935 675 3011 Capitis
700 2937 819 3011 dejure
840 2957 1015 2995 summarum
1037 2942 1130 3011 potes·

58 3022 154 3076 tatum
185 3016 217 3073 in
248 3015 352 3086 omnia,
375 3017 466 3090 deque
485 3016 549 3091 jure
570 3016 697 3074 naturali
718 3016 942 3092 uniuscujusque
963 3017 994 3074 in
1014 3018 1129 3074 easdem

56 3097 212 3165 translato,
246 3095 377 3172 quamvis
398 3116 463 3154 eum
482 3096 569 3172 praxi
589 3116 648 3154 nou
668 3115 771 3170 parum
793 3097 956 3165 conveniat,
979 3102 1009 3154 et
1029 3097 1129 3172 praxis

57 3178 100 3236 ita
121 3175 236 3235 institui
257 3176 358 3251 possit,
380 3181 413 3234 ut
434 3177 470 3234 ad
492 3177 612 3234 eandem
632 3175 726 3250 magis
747 3196 781 3234 ae
802 3177 896 3250 magis
918 3177 1045 3246 accedat,
1058 3196 1128 3234 nun·

58 3277 146 3332 quarn
167 3262 266 3315 tamen
287 3257 346 3326 fiet,
368 3257 437 3331 quin
458 3257 487 3314 in
508 3256 606 3314 multis
627 3275 705 3314 mere
726 3256 886 3314 theoretica
908 3261 1032 3315 maneat.
1056 3256 1129 3313 Nam

57 3357 142 3396 nemo
175 3356 301 3411 unquam
333 3357 414 3394 suam
446 3337 615 3412 potentiam,
648 3341 678 3395 et
699 3342 909 3411 consequenter
929 3355 1024 3411 neque
1045 3355 1126 3393 suum

55 3418 114 3493 jue,
140 3417 183 3475 ita
203 3416 235 3474 in
255 3416 342 3476 alium
364 3418 522 3475 transferre
543 3416 658 3492 poterit,
680 3422 713 3474 ut
734 3418 819 3474 homo
840 3436 904 3475 esse
925 3416 1054 3484 desinat;
1076 3435 1130 3474 neo

57 3497 126 3556 talis
158 3497 218 3555 ulla
242 3516 353 3555 summa
373 3502 503 3571 potestas
524 3517 651 3573 unquam
673 3496 796 3566 dabitur,
820 3516 885 3572 quae
907 3495 1011 3565 omnia,
1033 3495 1074 3552 ita
1097 3501 1129 3554 ut

59 3578 131 3649 vult,
165 3577 268 3652 exequi
298 3577 398 3652 possit.
431 3578 553 3635 Frustra
578 3577 653 3634 enim
674 3577 789 3634 subdito
809 3575 973 3652 imperaret,
995 3581 1028 3633 ut
1049 3575 1127 3633 illum

59 3657 125 3715 odio
157 3658 273 3728 habeat,
306 3657 354 3732 qui
386 3677 451 3716 eum
483 3657 537 3715 sibi
568 3657 705 3715 beneficio
735 3656 848 3732 junxit;
872 3661 904 3714 ut
926 3661 1010 3725 amet,
1033 3655 1080 3731 qui
1103 3656 1129 3713 ei

93 3835 105 3859 *
122 3835 254 3881 Omissum
272 3838 312 3881 est
329 3848 469 3893 pronomen
486 3848 553 3892 quem
559 3849 569 3890 ,·
586 3835 616 3880 of.
635 3837 719 3880 autem
737 3847 814 3892 supra
830 3847 889 3892 pag.
907 3833 958 3879 126.
977 3847 1033 3878 unii.
