2662 4298
523 361 662 400 rrrsronn
683 359 807 399 nxxxnr.
1144 341 1203 399 429

127 529 158 588 id
189 528 365 604 impossibile
386 548 464 601 esse3
485 528 607 604 ideoque
627 527 778 586 materiam
800 547 818 585 a
838 525 969 586 Cartesio
990 526 1064 585 malo
1088 526 1199 586 definiri

126 629 182 685 per
212 609 427 679 Extensionem,
462 610 512 668 sed
544 628 607 667 eam
638 607 801 667 necessario
836 608 940 666 debere
975 607 1115 682 explicari
1149 627 1201 683 per

127 689 311 763 attributum,
344 691 420 765 quod
451 696 589 749 aeternam
624 694 654 747 et
684 688 827 746 infinitam
858 687 1013 746 essentiam
1048 687 1201 762 exprimat.

127 770 185 829 Sed
207 770 253 828 de
284 770 330 828 his
360 771 459 829 forsan
491 770 654 846 aliquando,
687 769 712 826 si
735 768 797 827 vita
822 768 958 844 suppetit,
981 767 1086 826 clarius
1107 772 1200 826 tecum

128 870 225 925 agam.
247 850 321 908 Nam
342 851 399 909 huc
420 870 510 925 usque
531 849 604 908 nihil
625 850 660 908 de
681 849 727 907 his
747 848 847 907 ordine
868 848 1020 923 disponere
1031 847 1101 906 mihi
1111 847 1200 906 licuit.

170 930 251 1000 Quod
284 935 381 989 autem
411 931 502 1002 addis,
533 950 587 988 nos
618 950 653 988 ex
684 928 861 988 definitione·
880 929 1018 1004 cujusque
1046 928 1097 999 rei,
1119 927 1149 985 in
1171 948 1202 986 se

127 1011 332 1082 consideratae,
372 1010 488 1069 unicam
521 1015 635 1068 tantum
677 1009 883 1085 proprietatem
919 1010 1060 1067 deducere
1094 1009 1200 1077 valere,

124 1091 222 1149 locum
243 1091 342 1150 forsan
363 1092 452 1149 habet
471 1091 501 1148 in
522 1093 609 1149 rebus
629 1089 853 1165 simplicissimis
875 1090 922 1147 vel
944 1089 1059 1147 entibus
1069 1088 1202 1147 Rationis

128 1171 179 1244 (ad
201 1191 267 1246 quae
289 1172 398 1246 figuras
418 1171 506 1230 etiam
526 1172 641 1242 refero),
663 1175 695 1228 at
714 1189 772 1227 non
793 1169 823 1227 in
844 1169 979 1228 realibus.
1000 1169 1075 1227 Nam
1096 1189 1134 1227 ex
1147 1169 1202 1226 hoc

126 1252 199 1322 sole,
231 1252 307 1326 quod
334 1253 427 1310 Deum
449 1251 553 1310 definio
574 1261 637 1309 esse
656 1251 717 1308 Ens
738 1251 775 1309 ad
796 1251 878 1326 cujus
898 1249 1051 1307 essentiam
1075 1248 1202 1324 pertinet

129 1331 295 1404 existentia,
317 1333 415 1408 plures
435 1332 497 1407 ejus
517 1330 710 1408 proprietates
731 1331 886 1389 concludo:
902 1349 1004 1405 nempe
1017 1331 1201 1404 quodneces-

126 1410 204 1470 sario
226 1411 334 1484 existit,
357 1412 432 1487 quod
453 1412 492 1470 sit
512 1411 622 1482 unicae,
643 1410 839 1481 immutabilis,
860 1409 1000 1480 infinitus,
1023 1414 1094 1479 etc.;
1116 1409 1200 1467 etad

126 1491 206 1549 hunc
236 1493 352 1550 modum
382 1493 466 1569 plura
491 1492 548 1550 alia
569 1492 701 1566 exempla
722 1492 835 1549 adferre
856 1509 979 1566 possem,
1002 1510 1066 1564 quae
1088 1489 1201 1564 imprae-

129 1571 288 1630 sentiarum
320 1572 430 1630 0mitto.
462 1571 593 1647 Denique
620 1591 701 1647 rogo,
723 1575 757 1630 ut
776 1566 907 1647 inquiras
929 1590 967 1628 an
988 1571 1144 1628 Tractatus
1164 1569 1200 1627 D.

126 1652 209 1710 Huet
241 1655 356 1728 (nempe
387 1657 489 1711 contra
512 1654 680 1710 Tractatum
702 1650 1066 1726 Theologico·Politioum),
1089 1650 1200 1724 dequo

128 1736 216 1790 antea
236 1732 387 1809 scripsisti,
407 1734 499 1791 lucem
519 1733 579 1808 jam
599 1731 714 1803 viderit,
737 1737 767 1790 et
790 1752 828 1790 an
849 1731 919 1789 mihi
940 1731 1087 1806 exemplar
1108 1735 1201 1788 trans·

125 1812 242 1871 mittere
272 1813 395 1889 poteris3
427 1813 531 1872 deinde
552 1833 590 1871 an
609 1813 670 1888 J'am
690 1812 815 1881 noveris
837 1832 969 1887 quaenam
991 1831 1025 1869 ea
1046 1811 1112 1884 sint,
1135 1829 1199 1884 quae

126 1893 163 1949 de
194 1893 379 1952 Refraetione
409 1893 524 1952 noviter
552 1892 673 1951 inventa
703 1892 770 1951 sint.
802 1892 890 1950 Hisce
921 1891 995 1963 vale,
1018 1890 1200 1950 Nobilissime

123 1972 188 2042 Vir,
210 1978 240 2031 et
262 1993 359 2032 amare
379 1992 478 2049 perge,
500 1978 555 2032 etc.
780 1979 783 1986 '

153 2079 236 2138 Hegea
254 2081 323 2127 Gom.
343 2080 378 2126 15.
395 2079 456 2126 Julii
475 2080 543 2126 1676.
