2662 4298
483 355 839 396 aanoaoercorocrrroou.
944 372 948 379 ·
1143 338 1199 395 189

126 529 156 582 et
176 524 292 582 malum.
315 523 371 581 Sed
391 521 422 579 in
443 526 523 580 statu
544 523 679 593 naturali,
701 522 750 582 ubi
770 523 969 600 unusquisque
990 523 1035 582 sui
1042 524 1134 600 judex
1144 528 1198 594 est,

126 622 325 677 summumque
344 603 391 678 jus
413 603 501 660 habet
523 603 603 678 leges
624 603 679 661 sibi
700 604 906 679 praescribendi
928 610 958 662 et
977 603 1199 680 interpretandi,

125 685 212 742 immo
234 683 330 751 etiam,
352 688 439 758 prout
460 682 515 741 sibi
535 683 637 742 melius
659 684 779 759 judicat,
801 685 971 760 abrogandi,
992 684 1032 743 ibi
1053 704 1199 751 sanecon·

126 764 183 841 cipi
204 783 263 822 non
286 767 392 839 potest,
416 782 588 838 quemquam
609 764 673 822 dolo
695 765 770 822 malo
792 784 889 840 agere.

159 898 171 922 ⁹⁵
204 898 230 943 M
247 897 345 942 omittit
362 901 391 942 et.

601 1036 731 1094 XXXIII

505 1220 548 1279 (ad
564 1234 622 1280 pag.
642 1221 694 1279 lae,
712 1225 772 1269 tom,
789 1222 831 1284 II).

168 1390 228 1448 LB.
249 1391 350 1448 Musa.
372 1389 408 1447 In
429 1409 600 1465 quacunque
621 1391 740 1449 civitate
761 1392 846 1449 homo
867 1391 914 1463 sit,
935 1391 1197 1467 liberassepotest.

130 1469 202 1528 Nam
225 1470 328 1527 certe*
350 1470 435 1528 homo
457 1474 577 1528 eatenus
591 1471 663 1529 liber
676 1475 722 1530 est
732 1472 773 1545 **,
786 1476 928 1547 quatenus
938 1471 1062 1529 Ratione
1073 1471 1196 1531 ducitur.

128 1550 170 1608 At
203 1549 273 1616 (NB.
296 1549 380 1608 aliter
400 1549 606 1625 Hobbesius†)
631 1551 717 1610 Ratio
738 1572 838 1628 pacem
860 1552 976 1610 omnino
997 1553 1114 1621 suadet3
1137 1552 1199 1611 hace

129 1634 227 1688 autem
259 1630 383 1689 obtineri
413 1631 521 1707 nequit,
554 1632 610 1690 nisi
641 1632 803 1691 communia
824 1632 951 1691 civitatis
970 1633 1037 1708 jura
1057 1631 1199 1691 inviolata

128 1714 291 1768 serventur.
313 1711 400 1785 Ergo,
423 1730 479 1787 quo
500 1710 585 1770 homo
610 1712 734 1771 Ratione
755 1713 848 1788 magis
870 1713 993 1784 ducitur,
1015 1712 1043 1770 id
1066 1717 1118 1783 est,
1141 1732 1197 1789 quo

128 1790 223 1865 magis
250 1795 295 1848 est
315 1790 396 1864 liber,
419 1811 452 1850 eo
472 1791 567 1866 magis
587 1797 756 1852 constanter
776 1793 903 1852 civitatis
921 1794 987 1869 jura
1007 1795 1146 1864 servabit,
1168 1797 1198 1852 et

129 1891 249 1929 summae
270 1871 423 1946 potestatis
443 1874 592 1944 mandata,
614 1873 696 1949 cujus
717 1874 849 1933 subditus
874 1878 927 1945 est,
949 1878 1118 1949 exequetur.

161 2003 245 2048 *L132
271 2004 335 2049 Nam
356 2005 432 2050 homo.
497 2004 522 2030 *²*
539 2006 580 2052 M:
597 2019 648 2052 esse
661 2011 749 2064 potest.
813 2006 889 2064 †LB
906 2006 1071 2065 parenthesin
1095 2006 1200 2052 omittit.

603 2244 730 2303 XXXIV

507 2409 834 2488 mmmmm

170 2589 228 2647 LB.
250 2591 350 2648 Murra.
374 2590 456 2660 Quod
477 2591 586 2650 Paulus
607 2590 658 2662 ait,
680 2589 811 2649 homines
832 2608 895 2648 esse
916 2588 978 2648 sine
993 2589 1108 2664 effugio,
1119 2608 1199 2648 more

128 2669 255 2727 humano
276 2670 412 2746 loquitur.
433 2670 508 2729 Nam
529 2691 591 2747 cap.
614 2672 642 2730 9.
664 2671 792 2746 ejusdem
806 2669 945 2746 Ilpistolae
957 2670 1196 2745 expressedocet,

129 2749 206 2824 quod
237 2750 316 2808 Deus
347 2751 429 2827 cujus
460 2752 524 2810 vult
553 2751 715 2820 miseretur,
748 2754 778 2808 et
809 2770 893 2826 quem
924 2751 988 2809 vult
1017 2749 1145 2822 indurat,
1168 2755 1198 2808 et

129 2829 260 2889 homines
292 2832 372 2889 nulla
403 2832 438 2889 de
466 2851 554 2890 causa
574 2830 785 2890 inexcusabiles
805 2850 877 2901 esse,
899 2850 984 2906 quam
1006 2830 1074 2906 quia
1092 2830 1123 2889 in
1144 2829 1198 2888 Dei

128 2914 274 2985 potestate
304 2911 347 2969 ita
374 2916 453 2988 sunt,
475 2917 509 2970 ut
529 2913 621 2971 lutum
642 2910 672 2969 in
692 2915 837 2988 potestate
858 2911 949 2986 figuli,
970 2909 1020 2986 qui
1040 2930 1078 2969 ex
1098 2911 1198 2969 eadem

129 3010 227 3048 massa
247 2991 318 3049 facit
338 3011 418 3064 vasa,
441 2992 518 3051 aliud
540 2993 575 3050 ad
598 2992 685 3053 decus
706 2991 785 3050 aliud
806 2991 842 3049 ad
857 2990 988 3062 dedecus,
1003 2996 1033 3048 et
1046 3010 1197 3067 nonprop-

129 3075 211 3129 terea
244 3073 320 3146 quod
352 3072 515 3147 praemoniti
547 3076 622 3131 sunt.
657 3072 739 3142 Quod
770 3075 882 3138 autem¹
899 3071 935 3129 ad
955 3071 1049 3145 legem
1071 3071 1198 3129 divinam

129 3153 292 3209 naturalem
324 3152 439 3225 attinet,
471 3153 554 3228 cujus
587 3172 730 3210 summum
764 3155 941 3227 praeceptum
976 3170 1039 3209 esse
1074 3151 1199 3209 diximus

130 3231 223 3288 Deum
255 3252 362 3303 amare,
395 3253 428 3292 eo
459 3252 547 3292 sensu
574 3233 667 3308 legem
690 3231 843 3308 appellavi,
864 3250 920 3306 quo
941 3231 1104 3307 philosophi
1125 3250 1198 3289 com·

131 3330 233 3369 munes
253 3312 371 3372 Naturae
392 3313 517 3389 regulas,
539 3314 696 3372 secundum
707 3332 779 3388 quas
790 3312 887 3370 omnia
897 3311 980 3383 fiunt,
991 3312 1072 3387 leges
1082 3315 1198 3370 vocant.

130 3393 221 3450 Amor
252 3393 328 3450 enim
359 3393 413 3452 Dei
443 3414 502 3452 non
533 3393 705 3466 obedientia,
728 3393 778 3450 scd
799 3391 895 3450 virtus
915 3396 968 3463 est,
990 3411 1056 3468 quae
1081 3391 1198 3462 homini,

129 3471 179 3547 qui
211 3472 304 3532 Deum
335 3478 414 3532 recte
445 3474 535 3547 novit,
565 3472 726 3532 necessario
747 3472 831 3531 inest.
853 3473 895 3531 At
916 3471 1079 3531 obedientia
1100 3472 1199 3531 volun·

129 3556 221 3609 tatem
252 3553 430 3628 imperantis,
462 3574 521 3612 non
551 3553 595 3612 rei
625 3553 826 3611 necessitatem
848 3557 878 3611 et
898 3551 1050 3611 veritatem
1071 3551 1199 3628 respicit.

130 3631 201 3689 Cum
223 3637 319 3691 autem
341 3638 475 3693 naturam
497 3633 551 3692 Dei
571 3633 731 3693 voluntatis
751 3633 926 3708 ignoremus,
948 3638 978 3692 et
998 3638 1100 3692 contra
1121 3637 1199 3691 certe

130 3711 262 3783 sciamus,
285 3713 421 3789 quidquid
442 3716 476 3772 fit
496 3734 534 3772 ex
555 3715 616 3773 sola
637 3713 691 3772 Dei
704 3714 835 3789 potentia
849 3713 920 3786 fieri,
936 3733 1127 3789 nequaquam,
1142 3712 1197 3770 nisi

130 3810 167 3849 ex
198 3794 395 3866 Revelatione,
427 3793 500 3854 scire
530 3814 690 3870 possumus,
723 3814 760 3852 an
788 3794 866 3853 Deus
895 3794 991 3871 aliquo
1012 3795 1121 3853 honore
1142 3791 1197 3849 coli
