2662 4298
538 363 677 402 urlsronn
697 363 780 402 XXXI.

403 531 618 588 Errsroan
639 530 737 588 XXXI
758 529 833 585 (0211
849 528 912 587 HV)-

529 663 697 722 Clarissimo
724 663 794 721 Viro

590 795 624 853 B.
647 815 674 853 n.
697 795 726 853 S.

301 928 567 988 HENRIOUS
599 927 1026 987 OLDENBURGIUS.

439 1089 594 1163 Responsio
615 1090 654 1146 od
669 1090 886 1163 praecedentem.

213 1250 267 1307 Vir
282 1251 529 1324 praetendentem,
552 1251 651 1307 Amice
672 1250 791 1321 colende,

168 1408 261 1483 Facis,
284 1412 316 1466 ut
336 1407 438 1466 Virum
460 1408 610 1466 cordatum
631 1413 660 1466 et
681 1407 895 1483 Philosophum,
917 1407 1008 1478 decet,
1022 1409 1105 1484 quod
1120 1409 1211 1469 Viros

128 1492 219 1547 bonos
249 1509 348 1559 amas;
381 1507 434 1546 nec
462 1493 516 1561 est,
538 1488 613 1563 quod
635 1488 756 1558 dubites
779 1487 849 1564 quin
869 1487 910 1544 illi
934 1492 964 1545 te
985 1489 1157 1561 redament,
1180 1496 1209 1548 et

128 1569 231 1627 merita
262 1573 321 1639 tua,
353 1573 439 1644 prout
469 1588 523 1643 par
553 1572 606 1636 est,
640 1567 792 1627 aestiment.
825 1567 965 1626 Dominus
995 1568 1125 1644 Boyliue
1150 1591 1209 1629 una

54 1701 61 1721 ,
129 1668 238 1707 mecum
261 1648 382 1706 salutem
404 1649 556 1724 plurimam
576 1648 630 1706 tibi
650 1648 778 1719 nunciat,
800 1652 889 1723 utque
903 1650 1021 1706 strenue
1034 1652 1066 1707 et
1077 1649 1208 1720 ἀκριβῶς

128 1728 325 1804 philosophari
355 1748 471 1804 pergae,
504 1734 533 1786 te
564 1730 708 1787 hortatur.
741 1728 894 1803 imprimis,
916 1727 1031 1802 siquid
1053 1723 1208 1790 tibi'lueis

128 1808 269 1874 affulserit
288 1808 318 1866 in
340 1809 430 1867 ardua
450 1809 500 1866 illa
519 1808 665 1883 indagine,
687 1808 803 1884 quaein
824 1828 858 1867 eo
876 1812 1019 1879 versatur,
1035 1813 1071 1866 ut
1096 1829 1207 1886 cogno-

128 1909 249 1960 aramue,
272 1889 413 1964 quomodo
434 1908 616 1964 unaquaeque
636 1909 704 1965 pars
725 1888 928 1947 Naturae'oum
950 1908 1002 1947 suo
1016 1892 1083 1947 toto
1098 1909 1207 1950 conve-

128 1969 198 2039 niat,
222 1974 251 2027 et
271 1989 328 2045 qua
349 1969 461 2028 ratione
482 1989 546 2027 eum
567 1969 684 2044 reliquis
705 1970 859 2040 oohaereat,
881 1973 914 2026 ut
933 1968 1004 2026 illud
1025 1969 1113 2028 nobis
1129 1991 1206 2029 com-

128 2049 266 2120 munices,
288 2053 473 2124 peramanter
493 2069 638 2124 rogamus,
661 2049 777 2122 Causae,
800 2069 871 2125 quas
891 2067 1044 2120 memoraS,
1058 2054 1210 2127 tanquam,

128 2130 317 2188 incitamenta
345 2131 380 2187 ad
402 2131 570 2187 Tractatum
592 2131 627 2188 de
648 2129 797 2205 Scriptura
818 2129 1059 2200 concinnandum,
1083 2131 1205 2189 omniuo

131 2213 229 2286 probo,
262 2210 349 2285 inque
380 2209 456 2267 votis
488 2209 612 2267 efflictim
644 2211 745 2280 habeo,
780 2230 825 2267 me
855 2229 996 2284 usurpare
1025 2210 1087 2284 jam
1111 2212 1205 2270 oculis

131 2308 223 2366 pesse,
257 2310 319 2364 quae
349 2289 380 2347 in
412 2295 613 2364 argumentum
644 2290 722 2348 istud
753 2310 783 2347 es
810 2293 1027 2347 commentatus.
1058 2291 1223 2350 Dominus

132 2370 279 2429 Serrarius
313 2371 387 2428 forte
418 2370 586 2428 fasciculum
617 2370 739 2445 aliquem
771 2370 853 2428 brevi
884 2372 986 2427 adme
1007 2372 1202 2443 transmittet,

75 2498 77 2503 .
130 2452 183 2523 cui,
206 2451 230 2508 si
252 2451 344 2509 visum
366 2451 408 2508 ita
429 2451 525 2522 fuerit,
548 2450 726 2508 committere
747 2455 810 2508 tuto
832 2450 948 2525 poteris,
972 2470 1036 2525 quae
1058 2471 1095 2509 ea
1117 2453 1156 2510 de
1172 2473 1204 2511 re

128 2533 187 2606 jam
218 2531 411 2605 composuisti,
444 2536 473 2589 et
494 2531 671 2605 reciprocam
693 2531 850 2588 officiorum
872 2535 1036 2588 nostrorum
1058 2533 1203 2608 prompti-

132 2612 260 2669 tudinem
281 2611 417 2685 polliceri.

171 2691 303 2749 Kircheri
345 2693 490 2750 Mundum
533 2692 756 2749 Sobterroncum
798 2692 999 2765 quadantenus
1031 2692 1139 2764 evolvi,
1175 2698 1205 2750 et

130 2773 262 2847 quamvis
296 2772 446 2830 ratiocinia
468 2772 529 2846 ejus
549 2776 578 2829 et
598 2771 718 2830 theoriae
739 2791 797 2828 non
818 2771 1018 2828 commendent
1038 2771 1202 2845 ingenium,

132 2851 357 2911 Observationes
386 2857 482 2910 tamen
504 2856 533 2909 et
553 2852 767 2927 Experimenta,
790 2851 872 2909 nobis
893 2851 933 2908 ibi
953 2851 1071 2920 tradita,
1095 2853 1203 2911 collau·

132 2934 202 2990 dant
234 2932 410 3006 diligentiam
444 2932 587 3002 Auctoris
620 2933 738 3007 ejusque
760 2933 795 2989 de
816 2931 974 3006 Republica
994 2931 1205 3007 Philosophiae

130 3016 202 3071 bene
237 3012 364 3070 merendi
398 3014 585 3070 voluntatem.
610 3013 699 3069 Vides
719 3011 818 3086 igitur,
839 3032 885 3069 me
906 3012 1066 3086 plusculum
1087 3012 1129 3069 illi
1153 3015 1204 3070 tri·
1229 3057 1231 3062 .

130 3095 226 3163 buere,
260 3113 344 3167 quam
376 3093 522 3167 pietatem,
544 3093 683 3168 facileque
705 3091 849 3166 dignoscis
870 3111 968 3149 eorum
990 3091 1127 3162 animum,
1152 3095 1205 3168 qui

132 3173 315 3230 Benedictam
349 3174 424 3230 hanc
455 3193 558 3247 aquam
590 3173 630 3230 illi
663 3174 849 3247 adspergunt.
873 3172 993 3240 Quando
1014 3174 1107 3229 verba
1128 3174 1204 3232 facis

133 3254 166 3309 de
188 3253 327 3310 Tractatu
349 3254 522 3327 Hugeniano
544 3254 578 3310 de
599 3255 690 3324 Motu,
712 3252 817 3321 innuis,
831 3252 953 3310 Oartesii
964 3253 1092 3326 Regulas
1104 3258 1205 3312 motus

132 3333 220 3389 falsas
251 3335 311 3390 fere
333 3354 431 3390 omnes
452 3334 522 3390 esse.
545 3333 609 3390 Non
628 3334 687 3409 jam
710 3334 746 3390 ad
767 3352 883 3389 manum
905 3337 949 3390 est
969 3332 1091 3402 libellus
1115 3353 1204 3407 quem

132 3413 255 3469 antehac
276 3413 390 3470 edidisti
411 3415 445 3470 de
467 3413 588 3471 Cartesii
610 3413 761 3488 Principiis
776 3412 955 3484 Geometrice
970 3414 1202 3472 Demonstratis:

132 3512 190 3547 non
211 3492 288 3548 subit
309 3494 444 3565 oninium,
468 3514 535 3551 num
556 3493 596 3550 ibi
617 3494 772 3551 falsitatem
793 3493 879 3569 istam
894 3492 1062 3562 ostenderis
1078 3512 1118 3549 an
1130 3513 1204 3551 vero

133 3570 301 3640 Cartesium,
333 3574 363 3630 in
391 3573 510 3631 aliorum
533 3574 665 3647 gratiam,
688 3572 759 3626 κατὰ
778 3569 853 3625 πόδα
875 3573 964 3631 fueris
985 3577 1112 3630 secutus
1136 3575 1205 3632 Uti-

131 3671 198 3708 uam
229 3653 345 3708 tandem
376 3654 484 3727 proprii
516 3653 624 3727 ingenii
645 3655 746 3713 foetum
768 3654 946 3727 excludereS,
969 3658 998 3711 et
1019 3652 1082 3710 orbi
1104 3654 1204 3713 Philo·

132 3730 248 3804 sophico
271 3732 424 3788 fovendum
446 3739 475 3789 et
496 3734 675 3791 educandum
691 3734 899 3792 committeres!
922 3733 1040 3791 Memini
1053 3734 1205 3794 tealioubi

133 3810 310 3885 indigitasse,
333 3812 423 3868 multa
445 3813 545 3882 exiis,
568 3835 633 3888 qum
655 3813 802 3873 Cartesius
822 3813 1019 3888 ipse'oaptum
1040 3814 1204 3875 humanum
