2662 4298
432 354 751 395 rasoroarco-rorrrrcr
772 356 836 395 cnr.
858 356 910 394 vu.
1159 338 1198 394 53

128 523 306 598 ecphantum
327 521 480 580 admittere
500 523 617 598 poterit,
636 527 665 581 et
679 526 886 598 consequenter
900 540 1061 598 supponere
1076 521 1199 590 debebit,
1305 572 1308 577 .

129 602 322 677 Philosophos
342 601 419 660 circa
439 602 596 678 Scriptura
617 603 886 679 interpretationem
907 621 1005 660 errare
1025 621 1083 660 non
1104 621 1197 677 possa,

128 703 195 758 quae
217 701 289 740 saue
309 701 386 740 nova
407 688 484 741 esset
505 683 642 742 Ecclesia
657 683 827 753 authoritas,
843 701 1005 757 novumque
1019 683 1199 740 sacerdotum

129 763 178 821 vel
199 761 373 820 Pontificum
395 781 497 837 genus,
519 765 595 838 quod
616 764 723 838 vulgus
742 762 836 838 magis
855 762 989 820 irrideret
1009 782 1094 837 quam
1115 782 1199 820 vene-

129 847 255 901 raretur,
277 842 316 900 Et
336 842 468 917 quamvis
488 847 589 902 nostra
609 844 762 901 methodus
780 843 888 917 linguae
909 842 1044 900 Hebraeae
1062 842 1199 917 cognitio·

128 943 194 982 nem
217 921 327 997 exigat,
349 923 431 998 cujus
452 922 539 981 etiam
560 923 656 982 studio
677 924 783 998 vulgus
802 941 908 981 vacare
928 942 986 980 non
1007 927 1112 997 potest,
1128 922 1200 980 nihil

128 1007 228 1062 tamen
259 1002 351 1060 simile
381 1002 465 1061 nobis
496 1002 580 1079 objici
610 1008 722 1079 potest;
753 1023 820 1061 narn
852 1003 957 1077 vulgus
978 1003 1146 1061 Judaeorum
1168 1008 1198 1060 et

130 1081 291 1158 gentilium,
323 1081 427 1158 quibus
448 1083 514 1141 olim
536 1084 691 1159 Prophetae
713 1088 742 1141 et
762 1082 896 1159 Apostoli
915 1083 1149 1159 praedicaverunt
1169 1088 1198 1140 et

129 1163 319 1239 scripserunt,
340 1162 468 1238 linguam
490 1163 701 1239 Prophetarum
723 1168 752 1222 et
769 1163 973 1239 Apostolorum
987 1161 1198 1236 intelligebant,

129 1263 169 1302 ex
189 1263 248 1318 qua
268 1242 355 1300 etiam
376 1247 501 1301 mentem
523 1244 734 1319 Prophetarum
754 1243 967 1319 percipiebant3
989 1246 1020 1300 at
1041 1261 1099 1299 non
1113 1243 1198 1300 ratio·

130 1342 183 1381 nes
213 1342 310 1381 rerum
341 1342 413 1397 quas
443 1323 651 1398 praedicabant,
684 1344 756 1400 quas
787 1343 824 1382 ex
849 1322 994 1381 sententia
1013 1321 1197 1380 Maimonidae

130 1402 219 1462 etiam
249 1401 323 1461 scire
348 1404 494 1474 deberent,
516 1408 549 1462 ut
569 1409 694 1462 mentem
715 1405 925 1479 Prophetarum
946 1421 1049 1478 capere
1069 1408 1196 1477 possent.

129 1483 176 1542 Ex
208 1482 323 1541 ratione
356 1483 446 1557 igitur
478 1487 586 1542 nostrae
618 1483 745 1542 methodi
776 1503 835 1541 non
866 1482 1003 1558 sequitur,
1036 1482 1197 1540 necessario

129 1563 237 1638 vulgus
257 1562 422 1621 testimonio
442 1563 632 1639 interpretum
648 1563 843 1640 acquiescere3
859 1564 979 1622 ostendo
993 1562 1069 1621 enim
1083 1563 1197 1637 vulguS,

130 1644 207 1718 quod
238 1643 368 1718 linguam
399 1644 610 1720 Prophetarum
639 1649 669 1703 et
688 1645 895 1720 Apostolorum
916 1644 1054 1713 callebat;
1076 1647 1107 1701 at
1127 1643 1198 1701 Mai·

129 1723 272 1781 monitas-
284 1724 394 1781 nullum
415 1725 549 1783 ostendet
569 1724 684 1798 vulgus,
706 1727 782 1799 quod
803 1744 900 1783 rerum
921 1743 1024 1782 causas
1043 1723 1197 1798 intelligat,

128 1823 168 1862 ex
198 1803 302 1878 quibus
332 1822 431 1861 eorum
461 1808 586 1862 mentem
617 1803 767 1881 percipiat.
798 1805 836 1862 Et
867 1804 942 1879 quod
973 1808 1005 1862 at
1028 1803 1197 1862 hodiernum

130 1883 237 1958 vulgus
267 1883 382 1952 attinet,
412 1884 472 1960 jam
501 1884 685 1955 ostendimus,
708 1884 804 1943 omnia
825 1885 1004 1943 adsalutem
1025 1883 1196 1952 necessaria,

128 1963 264 2040 quamvis
294 1983 393 2022 eorum
424 1964 552 2022 rationes
581 1964 762 2040 ignorentur,
794 1964 878 2023 facile
909 1969 1007 2022 tamen
1036 1963 1068 2021 iu
1096 1964 1198 2038 quavis

127 2045 229 2118 lingua
250 2063 334 2119 posse
354 2043 472 2120 percipi,
493 2049 648 2121 propterea
668 2046 744 2121 quod
766 2046 836 2103 adeo
858 2043 1019 2103 communia
1040 2048 1070 2102 et
1090 2043 1198 2102 usitata

126 2127 212 2194 sunt;
244 2128 274 2182 et
303 2123 334 2182 in
364 2124 418 2182 hac
446 2125 639 2200 perceptione,
661 2144 719 2183 uon
741 2125 854 2200 quidem
874 2125 905 2182 in
925 2123 1089 2182 testimonio
1110 2124 1196 2182 inter·

128 2209 252 2280 pratum,
285 2205 390 2278 vulgus
417 2204 589 2280 acquiescit;
612 2210 642 2263 et
661 2206 736 2280 quod
758 2210 789 2262 at
809 2205 919 2278 reliqua
939 2204 1055 2274 attinet,
1076 2204 1196 2261 eandem

126 2285 158 2342 in
190 2283 237 2342 his
267 2303 331 2342 cum
353 2284 445 2342 doctis
466 2285 597 2360 sequitur
616 2287 772 2344 fortunam.
795 2284 850 2342 Sed
871 2284 908 2342 ad
928 2282 1112 2341 Maimonidae
1134 2302 1195 2340 sen-

129 2364 250 2422 tentiam
272 2369 462 2435 revertamur,
484 2369 571 2440 atque
590 2371 683 2440 ipsam
704 2365 867 2423 accuratius
882 2363 1084 2422 examinemus.
1100 2362 1196 2420 Primo

129 2444 276 2520 supponit,
297 2445 460 2520 Prophetas
480 2445 510 2502 in
532 2446 664 2504 omuibus
682 2445 760 2504 inter
777 2464 808 2503 ae
823 2444 1000 2516 convenisse,
1015 2463 1197 2518 summosque

128 2524 217 2583 fuisse
251 2525 442 2599 Philosophos
472 2530 502 2584 et
533 2526 711 2601 Theologos3
743 2546 780 2584 ex
811 2526 853 2583 rei
884 2525 960 2583 enim
991 2523 1116 2582 veritate
1147 2543 1196 2582 eos

126 2604 302 2663 conclusisse
332 2606 410 2663 vult:
433 2605 514 2680 atqui
534 2607 589 2663 hoc
609 2606 714 2664 falsum
735 2625 798 2664 esse
817 2606 847 2663 in
869 2606 937 2681 Cap.
960 2606 987 2664 2.
1010 2604 1194 2664 ostendimus.

127 2684 239 2743 Deinde
259 2685 404 2761 supponit,
437 2705 553 2744 sensum
575 2686 731 2762 Scripturas
754 2707 789 2744 ex
809 2686 872 2763 ipsa
894 2685 1042 2761 Scriptura
1063 2689 1196 2743 constare

127 2784 186 2823 uon
217 2784 318 2840 posse3
350 2785 445 2824 rerum
468 2765 544 2824 enim
566 2765 675 2824 veritas
695 2787 729 2824 ex
749 2766 813 2842 ipsa
834 2766 983 2842 Scriptura
1004 2785 1062 2823 non
1083 2770 1197 2823 constat

127 2846 241 2921 (utpote
272 2866 336 2920 quae
369 2845 440 2903 nihil
469 2847 657 2917 demonstrat,
678 2867 732 2905 nec
752 2867 799 2905 res
820 2848 854 2905 de
876 2846 978 2922 quibus
998 2846 1125 2920 loquitur
1145 2865 1197 2922 per

127 2925 308 2984 definitiones
339 2930 369 2983 et
399 2926 507 3001 primas
539 2946 606 2984 suas
630 2946 733 2985 causas
754 2928 863 3001 docet);
885 2946 973 3001 quare
994 2946 1032 2984 ex
1052 2926 1196 2984 sententia

127 3005 312 3064 Maimonidae
340 3025 433 3080 neque
464 3007 526 3083 ejus
557 3026 643 3065 verus
674 3027 776 3065 sensus
797 3027 834 3065 ex
853 3007 917 3081 ipsa
937 3011 1070 3064 constare
1091 3010 1195 3081 potest,
1284 3047 1286 3052 .

127 3085 256 3160 adeoque
283 3105 378 3163 neque
409 3089 446 3144 ab
466 3086 529 3162 ipsa
550 3087 605 3145 erit
625 3088 775 3162 petendus.
797 3087 887 3161 Atqui
907 3087 963 3144 hoc
984 3086 1071 3144 etiam
1091 3086 1193 3144 falsum

129 3184 201 3237 esse,
233 3185 271 3224 ex
301 3167 356 3224 hoc
387 3166 488 3242 Capite
520 3171 649 3239 constat;
682 3167 858 3225 ostendimus
885 3166 960 3224 euim
983 3171 1012 3224 et
1033 3165 1145 3225 ratione
1166 3172 1196 3224 ct

128 3245 275 3322 exemplis,
304 3266 420 3304 sensum
450 3247 607 3322 Scripturas
639 3267 677 3306 ex
706 3247 770 3323 ipsa
800 3248 861 3305 sola
882 3246 1031 3322 Scriptura
1052 3250 1194 3316 constare,

128 3331 159 3385 et
182 3329 219 3385 ab
238 3326 303 3403 ipsa
324 3328 393 3398 sola,
416 3327 503 3385 etiam
525 3348 589 3386 cum
611 3329 646 3386 de
666 3330 753 3386 rebus
773 3326 901 3402 loquitur
920 3325 1041 3384 Lumine
1062 3325 1195 3383 Naturali

129 3406 213 3479 notis,
235 3408 400 3483 petendum.
423 3407 565 3484 Supponit
579 3408 711 3484 denique,
722 3407 805 3465 nobis
816 3406 901 3464 licere
911 3406 1068 3464 secuudum
1079 3409 1194 3464 nostras

128 3492 345 3563 praeconceptas
376 3487 525 3563 opiniones
556 3488 713 3564 Scripturas
743 3489 834 3545 verba
865 3485 1018 3560 explicare,
1050 3492 1193 3561 torquere,

127 3572 159 3626 et
176 3567 318 3625 literalem
340 3587 464 3639 sensum,
487 3588 658 3644 quamquam
679 3565 940 3644 perspectissimum
962 3567 1024 3625 sive
1039 3566 1194 3645 expressis-

129 3647 240 3718 simum,
272 3667 390 3722 negare,
421 3652 451 3706 et
480 3648 512 3705 in
541 3648 626 3706 alium
659 3647 789 3724 quemvis
818 3651 940 3706 mutare.
967 3647 1063 3716 Quam·
1080 3646 1194 3722 quidem

126 3727 281 3799 licentiam,
314 3731 508 3804 praeterquam
541 3730 615 3803 quod
636 3728 699 3804 ipsa
719 3748 754 3787 ex
777 3727 917 3788 diametro
937 3727 981 3800 iis,
1004 3748 1067 3803 quae
1089 3727 1118 3785 in
1140 3728 1194 3785 hoc

130 3808 231 3884 Capite
265 3813 296 3867 et
328 3808 392 3866 aliis
423 3809 692 3880 demonstravimus
723 3813 878 3884 repugnat,
910 3828 994 3867 nemo
1025 3828 1083 3866 non
1114 3806 1193 3865 videt
