2662 4298
486 359 625 398 umsrorm
655 360 714 400 Lm.
1076 343 1135 401 379

59 526 162 583 Famae
192 529 345 601 tantopere
371 525 547 598 inviderunt,
575 532 607 586 ut
628 548 727 586 omnes
747 529 810 604 ejus
828 528 926 600 libros,
948 549 1021 606 quos
1042 534 1125 588 tanta

60 625 130 664 cum
149 606 233 663 lauda
254 605 392 677 ediderat,
414 607 633 666 combusserint.
656 607 686 666 Si
705 608 741 666 iis
761 609 846 667 fidem
868 608 1004 668 adhibere
1016 610 1131 669 animus

61 697 118 754 est,
140 705 211 760 quas
231 685 358 744 rationes
379 687 468 745 habes
489 688 525 745 ad
546 688 685 746 miracula
705 688 789 747 Divae
811 689 941 764 Virginis
961 696 991 748 et
1002 691 1128 748 omnium

62 765 235 824 Sanctorum
275 767 449 840 negandum,
485 788 550 843 quae
582 788 599 826 a
630 774 675 827 tot
705 769 903 828 Celeberrimis
934 770 1128 846 Philosophis‚

61 846 226 921 Theologis
249 866 283 904 ac
304 845 456 906 Historicis
477 848 641 924 conscripta
660 855 737 919 sunt,
759 856 792 907 ut
812 850 913 907 horum
935 851 983 908 vel
1000 857 1125 921 centum,

60 924 175 985 illorum
196 946 265 984 vero
286 926 337 984 vix
359 947 446 986 unum
466 929 624 1004 producere
645 934 768 1004 queam?
789 930 928 1005 Denique,
941 930 1126 1006 Amplissime

62 1005 126 1077 Vir,
152 1007 267 1082 longius
294 1027 379 1082 quam
400 1009 531 1066 volebam
552 1009 698 1084 processi;
719 1029 772 1068 nec
793 1015 823 1067 te
845 1010 953 1068 diutius
972 1010 1009 1088 iis
1029 1014 1124 1080 rebus,

62 1106 136 1162 quas
158 1087 237 1160 (scio)
259 1107 317 1146 non
338 1089 485 1151 concedes.
506 1089 653 1147 molestias
674 1109 772 1148 creare
793 1090 867 1160 volo,
884 1090 1028 1166 quiaalia,
1040 1092 1130 1166 longe

62 1187 81 1226 a
102 1167 173 1225 meis
193 1167 316 1237 diversa,
338 1167 466 1243 sequeris
486 1168 636 1245 principia,
659 1174 713 1228 etc.

829 1452 833 1463 ι

349 1452 848 1523 ΕΡιεΤοιΑΙιἯΙιοιιιιιιι.

257 1586 496 1643 Proestantiscimo
517 1587 747 1662 devotissimoque
768 1587 936 1662 Philosopbo

526 1721 560 1778 B.
589 1740 617 1778 u.
646 1720 674 1778 S.

227 1852 418 1910 EHRENFR.
440 1854 596 1912 WALTH.
618 1854 670 1911 DE
691 1853 975 1913 TSOHIRNHAUS.

186 1988 424 2045 Proestnntieeime
453 1988 514 2056 Vir,

104 2119 194 2177 Miror
225 2120 336 2189 saltem,
368 2120 444 2195 quod
476 2138 509 2176 eo
540 2118 612 2194 ipso,
644 2140 700 2194 quo
732 2119 930 2178 demonstrent
949 2118 1128 2194 Philosophi,

61 2199 171 2275 aliquid
201 2200 306 2258 falsum
335 2219 406 2268 esse,
436 2200 535 2257 eadem
562 2199 675 2257 ratione
696 2199 851 2257 ostendant
871 2200 933 2273 ejus
955 2198 1128 2258 veritatem:

62 2280 263 2338 certitudinem
295 2279 371 2337 enim
401 2279 564 2338 intellectus
593 2279 624 2337 in
645 2300 705 2338 suae
727 2279 856 2338 Methodi
877 2279 959 2337 initio
981 2278 1133 2338 Cartesius

62 2360 195 2418 omnibus
228 2361 366 2435 aequalem
387 2380 450 2418 esse
470 2365 564 2435 putat,
585 2359 616 2418 in
636 2358 873 2418 Meditationibus
893 2365 990 2418 autem
1012 2360 1131 2418 demon·

62 2445 147 2499 strat.
167 2441 247 2498 Idem
268 2440 309 2498 illi
330 2441 463 2515 probant,
486 2440 534 2515 qui
554 2445 660 2516 putant
681 2460 711 2498 se
725 2440 833 2516 aliquid
844 2440 916 2498 certi
927 2441 1130 2498 demonstrare

62 2540 147 2596 posse
185 2521 239 2579 hac
269 2519 391 2590 ratione,
422 2526 456 2578 ut
485 2541 537 2596 pro
568 2520 731 2579 indubitato
762 2540 780 2579 a
810 2520 932 2595 singulis
963 2520 1132 2579 hominibus

63 2600 231 2676 accipiatur.

104 2680 159 2739 Sed
189 2681 235 2738 his
266 2680 369 2751 missis,
401 2680 609 2757 experientiam
631 2700 765 2757 provoco,
788 2686 826 2751 et,
850 2687 882 2739 ut
903 2683 940 2740 ad
961 2683 1026 2740 haec
1047 2701 1133 2740 accu-

62 2765 127 2818 rate
158 2761 301 2831 attendas,
333 2761 475 2820 submisse
505 2781 592 2836 rogo;
622 2762 663 2820 sic
691 2761 768 2820 anim
789 2763 1029 2837 deprehendetur,
1050 2762 1075 2820 si
1096 2782 1132 2820 ex
1243 2792 1246 2797 ·

63 2842 175 2899 duobus
205 2861 282 2899 unus
314 2841 421 2915 aliquid
443 2842 575 2912 affirmet,
598 2842 672 2900 alter
694 2861 762 2900 vero
784 2846 881 2916 neget,
903 2842 1003 2909 etita,
1025 2847 1058 2900 ut
1079 2841 1134 2900 sibi

63 2921 126 2996 ejus
147 2921 205 2979 sint
227 2921 342 2992 conscii,
363 2923 526 2996 loquantur,
548 2922 622 2997 quod
634 2921 957 2980 licetverbiscontrarii
968 2922 1132 2991 videantur,
1167 2922 1171 2928 ’

62 3006 201 3072 attamen,
219 3001 369 3077 perpensis
385 3021 483 3060 eorum
495 3001 690 3075 conceptibus,
702 3004 786 3059 ambo
798 3001 1006 3077 (unusquisque
1017 3021 1069 3076 pro
1081 3021 1134 3059 suo

63 3081 213 3158 conceptu)
245 3102 314 3140 vera
346 3081 452 3140 dicant.
478 3082 559 3151 Quod
580 3081 693 3156 quidem
715 3081 818 3151 refero,
841 3101 905 3139 cum
927 3081 1072 3140 immonem
1095 3081 1134 3138 sit

62 3163 91 3220 in
125 3162 187 3220 vita
218 3161 361 3220 communi
393 3160 535 3231 utilitatis,
568 3168 598 3220 et
627 3165 746 3237 possent
776 3162 831 3220 hoc
862 3161 946 3220 unico
979 3163 1133 3219 observato

62 3242 222 3300 innumerae
253 3241 459 3301 controversiae
489 3242 606 3300 atinde
627 3246 782 3318 sequentes
803 3242 1003 3299 contentiones
1024 3261 1133 3316 praeca·

63 3322 142 3394 veri3
173 3322 305 3398 quamvis
337 3322 445 3380 veritas
475 3323 540 3380 haec
569 3321 600 3380 in
628 3327 768 3397 conceptu
789 3341 847 3379 non
868 3341 981 3396 semper
1002 3321 1133 3379 absolute

62 3423 133 3462 vera
160 3402 207 3472 sit,
229 3403 279 3461 sed
299 3402 402 3478 positis
423 3408 536 3461 tantum
557 3402 601 3473 iis,
624 3423 689 3477 quae
710 3402 741 3459 in
761 3400 910 3459 intellectu
930 3406 1133 3476 supponuntur

62 3488 96 3542 ut
126 3488 205 3542 vera.
239 3483 309 3553 Quae
340 3483 452 3558 Regula
483 3482 569 3540 etium
601 3483 672 3541 adeo
704 3486 748 3540 est
778 3481 958 3552 universalis
991 3487 1023 3539 ut
1055 3482 1133 3557 apud

62 3583 162 3622 omnes
183 3563 321 3634 hominos,
343 3583 379 3621 no
400 3562 580 3620 dementibus
601 3562 715 3638 quidem
729 3582 764 3621 ao
775 3560 982 3620 dormientibus
992 3561 1133 3637 exceptis,

61 3642 240 3720 reperiatur:
263 3643 397 3719 quioquid
419 3642 494 3701 enim
521 3643 551 3701 hi
572 3642 680 3714 dicunt,
703 3662 733 3700 so
755 3642 852 3700 videre
873 3642 952 3714 (licet
972 3642 1054 3700 nobis
1074 3662 1132 3699 non

61 3725 104 3783 ita
136 3727 288 3799 appareat)
319 3728 370 3782 aut
401 3723 516 3793 vidisse,
541 3723 730 3782 certissimum
755 3727 808 3792 est,
830 3723 894 3780 haec
914 3741 1017 3780 revera
1036 3722 1079 3780 ita
1101 3742 1132 3779 se

61 3806 178 3863 habore.
211 3804 294 3874 Quod
325 3803 411 3862 etiam
442 3803 473 3862 in
500 3824 568 3863 casu
589 3803 745 3879 proposito,
768 3803 803 3860 de
824 3803 928 3861 Libero
949 3822 1047 3877 nerupe
1069 3803 1130 3860 Ar·-
