2662 4298
415 344 729 383 Tfluonoelcoromlcl
751 344 815 383 CAP.
838 345 914 384 XVII.
1148 328 1204 385 137

136 514 223 588 idque
262 532 440 589 exequemur.
486 513 537 571 His
580 513 655 571 clare
697 511 821 587 primum
854 517 971 586 pactum
1004 513 1202 579 aboleverunt,

136 611 277 668 suumque
306 593 354 668 jus
383 594 476 651 Deum
497 592 665 651 consulendi
686 592 805 668 ejusque
826 591 920 651 edicta
940 591 1153 668 interpretandi
1174 593 1203 650 in

135 674 237 730 Mosen
269 674 400 732 absolute
430 674 659 732 transtulerunt:
689 671 755 730 Non
787 671 861 730 enim
893 671 948 743 hic,
981 677 1013 730 ut
1045 677 1141 743 antea,
1167 674 1203 731 ad

135 752 232 811 omnia
253 773 319 828 quae
340 754 419 811 Deus
438 753 518 828 ipsis,
540 754 590 811 sed
612 772 675 827 quae
695 753 775 810 Deus
795 751 870 810 Mosi
889 754 1063 827 loqueretur,
1086 753 1204 812 obedire

135 832 330 908 promiserunt
363 833 441 906 (vide
471 834 557 892 Deut.
580 853 642 908 cap.
665 834 692 890 5.
714 837 780 908 post
800 832 936 906 Decalog.
960 837 989 890 et
1010 853 1072 908 cap.
1096 835 1144 892 18.
1160 853 1202 892 vs.

137 914 184 983 15,
213 913 281 983 la).
303 914 400 972 Moses
420 933 490 988 ergo
512 914 590 972 solus
609 913 707 988 legum
729 912 891 986 divinarum
913 912 989 971 lator
1011 917 1041 971 et
1061 913 1204 989 interpres

135 992 252 1064 mansit,
284 1013 316 1051 er
346 998 555 1068 consequenter
585 993 672 1052 etiam
704 1012 855 1069 supremus
884 993 992 1064 11111,
1014 1013 1098 1068 quem
1120 1013 1204 1053 nemo

132 1072 265 1148 judicare
295 1079 419 1149 poterat,
452 1078 482 1132 et
513 1073 562 1149 qui
593 1074 671 1131 solus
692 1074 768 1148 apud
789 1073 929 1131 Hebraeos
949 1073 1042 1131 vicem
1063 1073 1124 1144 Dei,
1147 1075 1201 1132 hoo

136 1157 181 1211 est
222 1173 385 1229 supremam
416 1153 605 1230 majestatem,
638 1153 754 1212 habuit:
788 1153 1019 1228 quandoquidem
1050 1154 1128 1212 solus
1157 1155 1204 1229 jus

135 1235 263 1292 habebat
293 1235 386 1293 Deum
417 1234 593 1306 consulendi,
626 1238 656 1292 et
686 1233 792 1309 populo
824 1232 923 1291 divina
947 1252 1086 1308 responsa
1106 1234 1202 1302 dandi,

134 1313 286 1389 ipsumque
317 1314 354 1372 ad
385 1334 419 1372 ea
454 1315 622 1389 exequenda
653 1312 784 1387 cogendi.
817 1313 908 1384 Solus,
933 1313 1069 1389 inquam
1089 1333 1158 1371 nam
1179 1315 1202 1371 si

132 1393 208 1470 quie,
244 1393 363 1452 vivente
394 1395 484 1464 Mose,
515 1394 630 1452 nomine
666 1393 716 1451 Dei
746 1392 905 1468 praedicare
938 1392 1045 1469 aliquid
1077 1394 1202 1462 volebat,

131 1473 266 1549 quamvis
296 1494 383 1532 verus
415 1475 561 1550 Propheta
593 1479 678 1544 esset,
710 1492 777 1532 reus
808 1478 904 1532 tamen
934 1479 1005 1542 erat,
1028 1478 1057 1532 et
1078 1469 1204 1549 supremi

127 1553 203 1629 juris
244 1559 400 1631 usurpator
442 1555 519 1624 (vide
550 1555 666 1614 Numer.
700 1573 762 1628 cap.
798 1555 844 1613 11.
877 1573 921 1612 va.
955 1555 1052 1622 28.*).
1087 1556 1125 1613 Et
1154 1554 1202 1612 hic

130 1635 300 1705 notandum,
342 1636 427 1710 quod,
470 1635 524 1693 etsi
556 1636 658 1693 Mosen
689 1634 812 1709 populus
844 1632 973 1708 elegerit,
1007 1653 1203 1693 successorum

130 1719 231 1773 tamen
261 1715 323 1773 loco
355 1715 445 1774 Mosis
476 1715 584 1789 eligere
606 1716 672 1790 jure
694 1734 752 1772 non
772 1713 882 1789 potuit:
904 1714 978 1772 Nam
998 1714 1081 1773 simul
1104 1735 1137 1773 ac
1156 1716 1204 1789 jus

130 1814 216 1853 suum
246 1796 339 1853 Deum
371 1795 539 1854 consulendi
568 1795 599 1853 in
630 1796 732 1853 Mosen
764 1795 984 1866 transtulerunt,
1018 1801 1047 1853 et
1073 1795 1203 1853 absolute

129 1874 326 1950 promiserunt
356 1875 450 1951 ipsum
482 1876 544 1934 loco
566 1874 656 1934 divini
677 1874 786 1933 oraculi
807 1875 922 1945 habere,
945 1894 1029 1933 omne
1047 1874 1097 1950 jus
1117 1876 1203 1950 plane

128 1954 298 2025 amiserunt,
334 1960 372 2026 et,
405 1975 490 2031 quern
522 1957 618 2013 Moses
649 1974 845 2013 successorum
874 1953 1002 2028 eligeret,
1025 1959 1162 2030 tanquam
1186 1977 1201 2013 a

129 2036 192 2093 Deo
224 2035 345 2094 electum
377 2035 529 2095 admittere
551 2036 703 2094 debebant.
727 2035 808 2104 Quod
830 2034 964 2093 sitalem
986 2035 1129 2109 elegisset,
1154 2036 1202 2110 qui

128 2120 162 2174 ut
193 2114 255 2190 ipse
287 2119 379 2174 totam
409 2115 521 2191 imperii
553 2115 832 2175 administrationem
864 2116 993 2184 haberet,
1026 2135 1128 2189 nempe
1154 2116 1202 2189 jus

128 2196 223 2254 Deum
253 2195 284 2253 in
305 2215 357 2254 suo
378 2196 503 2254 tentorio
525 2197 603 2255 solus
623 2195 798 2264 consulendi,
818 2199 848 2252 et
870 2198 1079 2270 consequenter
1101 2196 1200 2252 autho-

127 2275 247 2334 ritatem
263 2276 344 2350 leges
354 2276 525 2335 instituendi
535 2283 565 2335 et
577 2275 745 2350 abrogandi,
759 2275 879 2333 debello
892 2279 921 2333 et
933 2295 1005 2350 pace
1018 2275 1200 2343 decernendi,

126 2357 241 2430 legatos
272 2356 413 2427 mittendi,
443 2356 554 2432 judices
575 2353 777 2426 constituendi,
799 2375 992 2414 successorem
1016 2355 1150 2428 eligendi,
1172 2361 1201 2412 et

127 2435 260 2494 absolute
312 2456 430 2495 summae
482 2436 635 2512 potestatis
685 2435 780 2494 omnia
832 2435 927 2494 officia
969 2435 1200 2502 administrandi,

126 2515 279 2591 imperium
320 2535 399 2575 mere
443 2517 661 2588 Monarchicum
701 2516 812 2586 fuisset,
855 2535 909 2574 nec
944 2517 1001 2575 ulla
1032 2515 1089 2573 alia
1123 2522 1199 2574 esset

127 2596 301 2666 differentia,
334 2597 390 2655 nisi
422 2598 497 2672 quod
530 2597 719 2656 communiter
754 2596 968 2655 monarchicum
989 2596 1139 2672 imperium
1161 2618 1197 2654 ex

126 2675 183 2734 Dei
204 2676 330 2748 decreto,
352 2677 407 2752 ipsi
428 2677 515 2735 etiam
536 2678 703 2736 Monarchae
726 2678 847 2747 occulto,
870 2677 1062 2736 Hebraeorum
1073 2682 1201 2735 autema

127 2756 183 2814 Dei
216 2756 330 2815 decreto
362 2759 528 2817 Monarchae
549 2762 663 2816 tantum
683 2758 812 2816 11111110
834 2762 914 2816 11111
935 2758 1049 2817 ratione
1070 2762 1200 2831 regatur,

128 2837 178 2894 111
198 2836 262 2912 regi
282 2837 422 2896 debuerit.
445 2837 516 2906 Quae
539 2838 653 2912 quidem
674 2838 837 2896 differentia
858 2839 1024 2897 Monarchae
1046 2838 1202 2896 dominium

128 2921 160 2975 et
178 2917 229 2991 jus
249 2916 280 2975 in
300 2936 399 2976 omnes
420 2937 479 2975 non
499 2917 612 2988 minuit,
634 2918 683 2976 sed
706 2923 808 2976 contra
829 2923 926 2991 auget,
949 2918 1102 2984 Caeterum,
1126 2920 1201 2993 quod

128 2997 168 3056 ad
199 2997 338 3072 populum
369 2997 521 3073 utriusque
540 2997 661 3073 imperii,
685 3017 766 3073 aeque
787 3002 909 3072 uterque
930 2999 1077 3073 subjectus
1098 3002 1151 3064 est,
1173 3004 1203 3055 et

129 3077 254 3152 ignarus
279 3077 370 3135 divini
391 3077 507 3136 decreti.
529 3078 603 3136 Nam
624 3082 744 3152 uterque
766 3079 802 3135 ab
826 3096 874 3134 ore
895 3078 1063 3135 Monarchae
1085 3078 1201 3152 pendet,

130 3161 171 3226 et,
205 3156 274 3232 quid
302 3158 347 3216 fas
367 3159 505 3232 nefasque
527 3158 573 3228 sit,
595 3160 632 3217 ab
653 3177 686 3216 eo
708 3158 768 3215 solo
789 3155 942 3230 intelligit;
965 3177 1017 3216 nec
1038 3163 1200 3232 propterea,

130 3237 208 3312 quod
229 3238 353 3313 populus
374 3238 474 3309 credit,
498 3239 685 3297 Monarcham
706 3237 778 3294 nihil
799 3236 854 3294 nisi
875 3255 911 3294 ex
932 3237 986 3295 Dei
1009 3238 1125 3295 decreto
1146 3237 1201 3311 ipsi

130 3317 263 3376 revelato
288 3316 440 3394 imperare,
462 3317 553 3377 eidem
574 3317 678 3389 minue,
700 3317 749 3375 sed
771 3321 872 3375 contra
892 3317 986 3391 magis
1008 3319 1200 3374 1111111111-

127 3398 225 3473 jectus
246 3402 299 3457 est.
321 3399 363 3456 At
384 3400 479 3457 Moses
500 3399 609 3461 nullum
630 3398 718 3456 talem
740 3415 932 3456 successorem
954 3395 1051 3470 elegit,
1076 3396 1125 3454 sed
1147 3395 1200 3453 inr-

128 3477 243 3553 perium
263 3477 306 3537 ita
316 3478 576 3537 administrandum
587 3477 801 3536 successoribus
812 3476 936 3551 reliquit,
948 3482 981 3534 ut
991 3495 1044 3534 nec
1056 3476 1201 3550 Populare
1242 3511 1245 3517 -

132 3577 187 3616 nec
208 3557 457 3628 Aristocraticum,
480 3578 533 3617 nec
553 3558 778 3628 Monarchicum,
801 3558 850 3615 sed
872 3555 1201 3615 Theocraticumvocari

131 3637 270 3713 potuerit.
291 3638 366 3697 Nam
381 3639 429 3714 jus
450 3639 529 3714 leges
550 3637 769 3714 interpretandi,
791 3643 820 3696 et
842 3636 895 3695 Dei
915 3656 1053 3712 responsa
1075 3655 1200 3693 comnm-

164 3817 176 3842 *
194 3819 341 3864 1111101.
359 3818 467 3864 XXXVI.
