2662 4298
571 345 710 385 arrsronn
732 347 771 385 vr.
958 338 961 342 ’
1148 330 1207 390 217

175 532 229 569 nec
250 532 322 588 epus
342 517 386 570 est
408 514 471 571 haec
492 512 584 572 fusius
605 513 758 589 explicare.
796 578 798 582 ,

175 591 229 649 His
261 593 359 660 habes
391 593 571 663 amicissime,
604 614 668 668 quae
701 594 757 652 huo
778 613 868 669 usque
889 595 1018 653 notanda
1038 595 1151 671 reperio
1173 597 1205 654 in

131 672 292 746 specimina
313 672 428 730 Domini
448 673 541 748 Boyli.
565 673 647 743 Quod
658 674 694 732 ad
704 674 813 750 primas¹
825 680 890 733 tuas
901 674 1076 749 quaestiones
1087 675 1204 750 attinet,

130 771 198 809 cum
219 772 298 810 meas
319 754 355 811 ad
377 753 455 828 ipsas
475 754 679 829 responsiones
699 774 846 829 percurro,
868 754 940 813 nihil
960 755 1044 814 video
1068 776 1113 814 mo
1139 758 1207 814 omi·

130 831 213 892 sisse.
237 833 275 890 ut
295 832 320 890 si
341 834 416 891 forte
438 837 482 907 (ut
503 835 581 893 soleo
602 838 722 911 propter
744 837 898 900 verborum
919 835 1084 911 penuriam)
1097 836 1205 913 aliquid

132 914 254 970 obscure
275 913 367 988 posui,
390 934 486 989 quaeso
507 919 541 972 ut
561 914 590 972 id
611 914 681 972 mihi
702 914 986 990 indicaredignaris3
1000 917 1074 975 dabo
1086 936 1204 992 operam

132 996 167 1050 ut
187 992 252 1067 ipsa
273 993 379 1052 clarius
400 1014 552 1070 exponam.
673 1063 676 1067 ,

174 1073 257 1141 Quod
289 1078 385 1132 autem
417 1075 453 1132 ad
484 1095 590 1132 novam
611 1079 691 1132 tuam
713 1074 901 1149 quaestionem
923 1075 1039 1148 attinet,
1062 1079 1205 1153 quomodo

130 1151 193 1210 scil.
216 1173 264 1211 res
285 1153 425 1230 coeperint
446 1174 518 1227 esse,
541 1159 571 1213 et
592 1174 648 1229 quo
669 1174 747 1213 nexu
768 1155 894 1231 aprima
904 1175 993 1214 causa
1004 1157 1204 1232 dependeant:

129 1233 168 1290 de
190 1234 246 1291 hac
268 1253 299 1291 re
321 1239 350 1292 et
371 1234 458 1292 etiam
481 1236 516 1293 de
536 1235 745 1293 Emendationc
766 1235 935 1294 Intellectus
956 1236 1104 1311 integrum
1119 1257 1204 1312 opus·

129 1313 229 1371 culum
251 1315 411 1390 composui;
432 1314 463 1372 in
484 1315 567 1391 cujus
588 1314 780 1390 descriptione
795 1320 824 1374 ct
835 1316 1037 1374 emendatione
1048 1322 1205 1393 occupatus

131 1413 205 1451 sum.
230 1393 285 1451 Sed
306 1394 460 1469 aliquando
481 1397 518 1453 ab
540 1415 626 1471 opere
645 1395 761 1466 desisto,
774 1394 842 1471 quia
853 1396 978 1454 nondum
991 1397 1083 1455 ullum
1094 1401 1204 1456 certum

131 1474 226 1531 habeo
248 1474 396 1532 consilium
419 1475 496 1533 circa
516 1475 579 1551 ejus
594 1475 758 1534 editionem.
770 1475 868 1534 Timeo
879 1475 1014 1535 nimirum
1026 1496 1063 1535 ne
1076 1477 1204 1552 theologi

132 1553 226 1612 nostri
248 1555 386 1631 temporis
407 1556 599 1627 offendantur,
622 1560 651 1614 et
673 1576 729 1632 quo
750 1557 845 1614 solent
866 1555 931 1615 odio
951 1556 982 1614 in
994 1577 1048 1628 me,
1063 1557 1112 1632 qui
1123 1557 1205 1616 rixas

131 1653 252 1708 prorsus
281 1636 394 1706 horreo,
425 1635 609 1695 invehentur.
642 1637 734 1694 Tuum
767 1636 845 1695 circa
875 1637 952 1695 hanc
972 1656 1033 1695 rem
1054 1637 1203 1696 consilium

129 1716 279 1788 spectabo,
302 1720 342 1786 et,
365 1720 397 1774 ut
418 1716 493 1774 scias
514 1716 582 1791 quid
602 1716 633 1774 in
654 1736 717 1774 meo
738 1717 793 1774 hoc
814 1736 900 1793 opere
922 1717 1114 1789 contineatur,
1128 1719 1204 1793 quod

129 1793 387 1854 concionatoribus
417 1796 589 1855 offendiculo
610 1816 673 1855 esse
694 1796 795 1873 possit,
818 1797 890 1868 dico,
912 1797 987 1872 quod
1009 1798 1102 1857 multa
1123 1798 1204 1856 attri-

131 1876 212 1944 buta,
247 1894 312 1948 quae
344 1878 380 1935 ab
412 1876 447 1934 iis
479 1882 508 1935 et
529 1879 565 1935 ab
587 1876 728 1948 omnibus,
750 1876 820 1935 mihi
841 1877 944 1936 saltem
964 1877 1051 1949 notis,
1072 1879 1134 1937 Deo
1155 1878 1204 1936 tri·

128 1956 270 2026 buuntur‚
293 1976 347 2032 ego
362 1960 502 2032 tanquam
514 1961 664 2016 creaturas
675 1957 839 2029 considero;
851 1962 881 2016 et
892 1961 994 2016 contra
1007 1957 1074 2029 alia,
1085 1964 1204 2034 propter

131 2035 302 2110 praejudicia
333 2038 370 2094 ab
400 2036 436 2094 iis
467 2041 605 2112 tanquam
638 2042 787 2095 creaturas
819 2036 1017 2096 consideratas
1050 2041 1126 2112 [sio],
1148 2058 1203 2113 ego

127 2115 275 2173 attributa
307 2116 361 2174 Dei
386 2137 448 2175 esse
470 2122 500 2175 et
520 2120 556 2177 ab
577 2116 648 2192 ipsis
668 2118 743 2175 male
764 2117 912 2176 intellecta
932 2117 1021 2176 fuisse
1042 2119 1201 2191 contendo;

127 2199 161 2253 -et
194 2195 289 2266 etiam,
322 2198 398 2271 quod
429 2197 522 2255 Deum
552 2218 570 2255 a
602 2197 714 2255 Natura
745 2197 865 2256 nonita
886 2216 1016 2273 separem
1038 2202 1071 2256 ut
1091 2217 1200 2270 omneS,

130 2295 252 2350 quorum
285 2278 361 2352 apud
389 2297 435 2335 me
455 2282 500 2335 ost
520 2277 633 2350 notitia,
655 2278 795 2335 fecerunt.
817 2278 910 2337 Tuum
930 2277 1028 2352 itaque
1050 2277 1198 2336 consilium

127 2361 244 2430 specto;
266 2361 296 2414 te
317 2377 420 2432 nempe
443 2363 474 2415 ut
494 2357 689 2416 fidelissimum
712 2357 835 2416 amicum
856 2356 974 2432 aspicio,
998 2358 1033 2416 de
1052 2358 1202 2434 cujusfide

129 2437 213 2493 nefas
234 2439 311 2495 esset
332 2437 472 2497 dubitare.
496 2439 569 2497 Vale
588 2437 706 2496 interim
727 2443 756 2497 et
767 2442 799 2497 ut
810 2437 980 2515 coepistime
991 2457 1088 2497 amare
1099 2458 1199 2515 perge,

128 2535 182 2590 qur
204 2536 267 2574 sum

789 2591 857 2684 tuus
878 2644 916 2683 ex
937 2644 1001 2687 asse

658 2731 900 2792 BENEDIGTUS
922 2731 1098 2792 SPINOZA.
1114 2735 1130 2768 *

503 3089 677 3146 Errs'ro
691 3109 708 3147 n
722 3108 743 3146 A
764 3089 831 3146 VII.

536 3222 704 3280 Clarissimo
731 3222 800 3280 Viro

598 3355 632 3415 B.
654 3376 683 3414 1).
705 3355 734 3416 S.

401 3489 599 3550 HENRIOUS
622 3487 938 3562 OLDENBURGIUS.

167 3622 246 3679 Ante
267 3621 443 3696 septimanas
464 3627 511 3680 sat
533 3624 650 3694 multas,
663 3624 718 3683 Vir
730 3621 903 3694 Clarissimo,
916 3618 1114 3695 gratissimam
1125 3621 1205 3675 tuam

160 3767 169 3784 “
188 3764 269 3823 Supra
291 3782 309 3823 p
326 3768 351 3811 et
368 3781 385 3811 n
402 3767 492 3813 literas
510 3768 604 3814 ductus
622 3769 728 3826 quidam
746 3770 880 3827 apparent,
899 3766 1016 3825 ejusdem
1033 3767 1063 3810 et'
1077 3763 1163 3809 sacculi
1181 3764 1207 3806 ot

128 3828 273 3882 atramenti,
291 3841 355 3885 quos
372 3830 538 3888 interpretari
555 3831 626 3876 haud
644 3831 771 3877 valemus.
