2662 4298
125 353 183 411 410
522 366 661 407 srusrouu
682 367 775 406 uxxn.

126 539 237 595 frustra
271 535 301 593 in
335 533 556 610 praesentarium
591 534 627 591 de
661 534 716 591 hac
749 534 882 594 materia
915 536 1074 611 prolixius
1105 538 1210 596 scribere

127 637 256 686 conarer,
289 616 338 673 sed
363 615 575 690 expectandum
596 613 667 671 mihi
687 618 740 684 est,
762 615 861 673 donec
882 614 988 692 ipsius
1010 622 1139 677 mentem
1157 618 1211 676 mihi

125 697 231 755 clarius
259 695 398 770 explices,
420 699 451 752 et
472 694 560 752 sciam
582 714 620 752 an
642 693 714 752 satis
728 695 926 754 emendatum
939 697 1064 756 habeat
1074 700 1211 774 exemplar.

125 776 309 854 Lijbuizium,
332 775 368 833 de
390 794 447 850 quo
469 774 578 846 scribit,
599 793 645 832 me
666 793 718 849 per
738 773 887 849 epistolas
910 777 1045 836 novisse
1068 780 1160 850 credo,
1174 781 1211 837 sel

126 877 183 934 qua
204 858 240 915 de
261 874 349 914 causa
369 855 400 913 in
422 854 546 913 Galliam
561 855 708 930 profectus
718 854 765 926 sit,
780 854 830 929 qui
844 856 1038 916 Francfurti
1050 859 1212 918 consiliarius

124 943 197 1007 erat,
219 936 325 994 nescio.
348 928 504 1005 Quantum'
519 955 556 994 ex
576 934 668 1009 ipsius
687 934 821 1010 epistolis
843 937 1009 1013 conjicere
1032 940 1129 1014 potui,
1149 940 1212 998 visus

125 1023 169 1076 est
189 1017 260 1075 mihi
281 1018 367 1074 homo
387 1015 516 1074 liberalis
536 1015 646 1089 ingenii
667 1019 697 1073 et
711 1015 832 1072 inomni
844 1016 985 1076 scientia
998 1024 1150 1080 versatus.
1170 1021 1211 1078 Sel

125 1104 223 1156 tamen
255 1101 288 1154 ut
319 1102 379 1154 tam
411 1095 468 1154 cito
499 1095 526 1153 ei
557 1115 621 1153 mea
643 1095 752 1170 scripta
771 1097 909 1169 credam,
933 1098 1145 1158 inconsultum
1164 1121 1213 1158 esse
1251 1148 1253 1159 .

123 1177 231 1253 judico,
264 1177 405 1252 Cuperem
435 1175 516 1252 prius
545 1175 628 1246 scire,
650 1175 718 1251 quid
739 1175 769 1233 in
792 1174 896 1248 Gallia
919 1184 1012 1253 agat,
1039 1185 1073 1238 et
1092 1181 1213 1256 judicium

124 1257 217 1316 nostri
239 1257 392 1315 Tschirnh.
414 1255 524 1327 audire,
546 1261 699 1330 postquam
719 1253 814 1330 ipsum
836 1256 959 1317 diutins
976 1260 1212 1336 frequentaverit,

125 1343 155 1396 et
175 1337 264 1413 ipsius
286 1356 380 1394 mores
391 1335 521 1395 intimius
532 1336 656 1394 noverit.
678 1336 823 1395 Caeterum
835 1342 984 1397 nostrum
996 1340 1095 1399 istum
1108 1342 1212 1400 amicum

124 1438 188 1476 meo
210 1417 325 1475 nomine
346 1417 449 1488 saluta,
472 1421 502 1474 et
523 1416 548 1474 si
569 1436 626 1491 qua
646 1416 677 1473 in
691 1436 722 1475 re
733 1414 788 1491 ipsi
799 1417 920 1476 servire
932 1439 1080 1494 possum,
1094 1421 1213 1498 quicquid

126 1498 205 1567 velit,
227 1498 357 1572 imperet,
380 1501 409 1554 et
430 1517 475 1555 me
496 1494 549 1554 sibi
570 1497 606 1555 ad
628 1496 724 1554 omnia
734 1495 875 1570 obsequia
886 1500 1128 1573 paratissimum
1139 1521 1208 1578 repe·

124 1578 190 1637 uiet.
213 1579 380 1636 Adventum
402 1576 464 1636 sive
484 1576 608 1635 reditum
630 1575 743 1634 Domini
765 1580 795 1634 et
811 1575 901 1635 amici
919 1579 1213 1640 colendissimiBres·

125 1658 181 1716 seri
204 1659 349 1731 gratulor3
373 1677 426 1732 pro
447 1657 588 1732 promissa
609 1656 711 1715 deinde
722 1655 863 1715 cerevisia
874 1677 1018 1734 magnas
1031 1682 1094 1737 ago
1108 1663 1212 1737 gratia,

125 1743 155 1796 et
177 1756 346 1812 quocunque
367 1738 451 1795 modo
471 1741 573 1813 potero
594 1736 682 1795 etiam
703 1736 836 1795 referam.
858 1737 920 1796 Tui
937 1740 1080 1817 denique
1096 1743 1212 1818 parentis

126 1837 291 1893 processum
313 1818 440 1875 nondum
462 1817 587 1893 experiri
598 1816 719 1884 tentavi,
731 1835 784 1874 nec
796 1817 883 1875 credo
896 1821 982 1892 quod
995 1821 1138 1881 animum
1148 1823 1180 1881 ad
1189 1823 1210 1879 il
1244 1819 1246 1827 ’

127 1899 298 1956 tentandum
321 1898 465 1973 applicare
486 1902 598 1972 potere.
618 1897 692 1955 Nam
715 1917 770 1972 quo
790 1896 886 1971 magis
910 1919 979 1957 rem
1002 1901 1109 1977 ipsam
1121 1903 1210 1978 cogita

127 1978 197 2036 mihi
229 1977 323 2053 magis
353 1978 521 2053 persuadeo,
554 1982 584 2036 te
615 1997 673 2035 non
704 1996 805 2036 aurum
836 1977 1019 2053 confecisse,
1050 1984 1105 2042 sed
1125 2003 1212 2060 pamm

128 2060 202 2134 quod
225 2059 255 2116 in
277 2057 434 2116 antimonio
455 2058 566 2116 latebat
586 2057 775 2132 separavisse.
797 2056 854 2114 Sed
876 2058 914 2115 de
937 2060 1000 2119 hoc
1025 2063 1106 2122 alias
1119 2063 1211 2132 fusius;

127 2159 205 2198 nunc
226 2139 363 2214 temporis
384 2137 520 2213 angustia
540 2138 718 2213 praecludor3
742 2136 858 2195 interim
880 2136 904 2195 si
928 2140 1040 2216 aliqua
1063 2143 1148 2203 inre
1170 2143 1211 2201 tibi

126 2240 243 2295 operam
264 2224 405 2294 praestare
426 2238 551 2293 possum,
574 2237 639 2276 ecce
660 2238 714 2288 me,
740 2236 824 2292 quem
845 2237 967 2292 semper
989 2221 1142 2294 invenies

609 2328 654 2383 eir
673 2326 920 2400 preestantissime,

692 2460 754 2517 Tibi
774 2459 988 2517 ornicissimum
1011 2470 1041 2520 et
1064 2484 1179 2522 aerarum

128 2541 205 2597 Haguu
223 2541 337 2592 Comitis,
357 2540 393 2585 18.
410 2541 547 2586 Novembri
567 2540 638 2587 1675.

802 2602 835 2659 B.
858 2601 1051 2664 Dnssuuoza,

218 2681 340 2739 Epistola}
358 2682 503 2740 Inscriptio.

375 2745 438 2801 Mijn
454 2746 519 2801 hear,

126 2807 198 2862 illijn
221 2806 303 2850 Heer·
327 2806 355 2852 G.
378 2807 408 2850 H.
433 2807 583 2852 Schrcller
600 2809 613 2833 a

189 2869 233 2912 cler
261 2870 402 2927 ›neclecynen
433 2872 527 2925 Doctor,
552 2884 612 2914 woo-

189 2933 264 2977 nende
289 2934 315 2976 in
341 2934 369 2978 de
396 2933 525 2990 Kortateep
541 2935 568 2977 in
585 2934 613 2977 de

188 2997 336 3053 pestofeerde
353 2997 406 3040 hcet

128 3121 194 3165 Por-t.
524 3120 690 3165 Ammontem.

160 3831 171 3855 *
189 3830 290 3888 Suppl:
310 3829 427 3872 Sclualler.
