2662 4298
410 369 725 410 mumoniae-romum
746 371 809 410 cnr.
832 371 894 410 xm.
1139 353 1196 412 163

129 559 196 614 quae
227 538 257 596 in
280 536 426 614 superiore
447 536 548 612 Capite
569 537 742 609 notavimus,
765 538 947 597 considerare
968 539 1098 610 velimus,
1120 540 1196 598 vide·

129 619 232 689 bimus,
264 619 320 676 hoc
350 617 444 692 ipsum
464 617 612 692 religionis
632 623 662 676 et
682 618 799 694 pietatis
818 618 995 678 incremento
1016 640 1074 678 non
1095 640 1196 696 parum

128 699 217 757 etiam
239 699 412 757 conducere:
435 697 558 756 vidimus
580 697 656 756 enim
677 718 775 773 supra,
789 698 868 774 ipsos
881 700 1052 775 Prophetae,
1066 700 1198 776 quamvis

128 779 228 838 divina
250 778 358 836 virtute
379 778 523 854 praeditos,
545 782 651 850 tamen,
674 779 741 853 quia
761 779 868 854 privati
888 779 943 838 viri
958 781 1196 851 erant,libertate

128 880 183 918 sua
203 858 346 930 monendi,
361 858 539 934 increpandi,
551 863 581 916 et
592 859 779 934 exprobandi‚
788 859 923 918 'homines
933 861 1027 936 magis
1037 860 1197 919 irritavisse

128 960 217 1016 quam
248 938 417 1004 correxisse,
452 939 499 1014 qui
530 943 628 998 tamen
659 960 677 997 a
707 939 836 1012 Regibus
867 940 968 999 moniti
992 942 1040 999 vel
1060 941 1196 1016 castigati

127 1020 213 1078 facile
244 1021 443 1078 flectebantur.
476 1018 594 1091 Deinde,
626 1019 704 1095 ipsos
725 1021 820 1095 Reges
841 1023 877 1078 ob
897 1022 953 1079 hoc
973 1026 1097 1093 tantum,
1119 1022 1195 1096 quod

127 1099 200 1176 ipsis
230 1101 285 1158 hoc
316 1101 364 1176 jus
387 1119 446 1158 non
466 1100 808 1175 absolutecompetebat,
830 1101 986 1176 saepissime
1007 1121 1024 1160 a
1045 1101 1195 1176 Religione

128 1180 294 1250 descivisse,
327 1185 356 1238 et
387 1200 452 1238 cum
482 1179 552 1256 ipsis
583 1180 643 1238 fere
673 1184 766 1238 totum
787 1180 938 1256 populum;
961 1181 1145 1256 quodetiam
1168 1181 1198 1239 in

128 1260 302 1320 Christianis
332 1259 460 1335 imperiis
492 1263 528 1318 ob
556 1261 674 1319 eandem
706 1279 822 1318 causam
854 1261 1011 1336 saepissime
1042 1261 1197 1336 contigisse

128 1345 253 1400 constat.
275 1341 317 1398 At
337 1341 384 1399 hic
404 1341 504 1398 forsan
523 1360 570 1398 me
590 1340 693 1415 aliquis
713 1340 838 1415 rogabit,
861 1341 998 1411 Quisnam
1020 1361 1099 1416 ergo,
1122 1341 1146 1399 si
1166 1341 1198 1414 ii,

128 1421 179 1497 qui
199 1421 350 1496 imperium
371 1424 482 1493 tenent,
502 1420 582 1497 impii
603 1441 665 1479 esse
679 1420 779 1492 velint,
794 1420 932 1496 pietatem
943 1423 1008 1498 jure
1017 1421 1197 1480 vindicabit?

128 1522 168 1560 an
189 1507 250 1560 tum
273 1501 359 1559 ctiam
379 1501 465 1559 iidem
488 1501 550 1576 ejus
569 1501 745 1576 interpretes
765 1502 890 1560 habendi
911 1506 997 1561 sunt?
1018 1503 1128 1561 Verum
1143 1521 1197 1577 ego

129 1586 234 1640 contra
264 1581 356 1657 ipsum
388 1601 469 1656 rogo,
502 1580 586 1653 Quid,
619 1581 644 1639 si
664 1581 858 1640 Ecclesiastici
879 1582 939 1658 (qui
960 1582 1047 1641 etiam
1069 1582 1199 1641 homines

129 1666 199 1720 sunt
230 1667 260 1720 et
291 1661 407 1737 privati,
440 1662 544 1736 quibus
565 1681 618 1720 sua
638 1667 754 1720 tantum
774 1662 893 1737 negotia
914 1682 1016 1722 curare
1036 1662 1197 1735 incumbit),

129 1743 178 1801 vel
200 1741 256 1814 alii,
279 1762 367 1817 penes
388 1762 459 1817 quos
477 1743 525 1817 jus
547 1741 624 1800 circa
644 1762 728 1800 sacra
748 1762 811 1800 esse
832 1744 903 1814 vult,
925 1743 1005 1819 impii
1016 1763 1078 1802 esse
1089 1742 1198 1814 velint;

129 1843 169 1882 an
190 1827 251 1880 tum
274 1822 360 1880 etiam
381 1823 508 1898 ejusdem
529 1821 703 1898 interpretes
717 1823 842 1881 habendi
853 1827 942 1882 sunt?
954 1824 1071 1883 Certum
1083 1823 1198 1898 quidem

129 1908 184 1974 est,
208 1903 292 1978 quod,
315 1903 340 1960 si
359 1902 388 1974 ii,
411 1902 461 1978 qui
480 1901 633 1978 imperium
653 1906 763 1973 tenent,
786 1923 843 1978 qua
860 1904 954 1980 juvat,
969 1903 1011 1963 ire
1025 1903 1125 1974 velint,
1138 1903 1199 1962 sive
1219 1903 1222 1925 ³

127 1984 177 2060 jus
208 1983 286 2041 circa
318 2002 401 2041 sacra
431 1983 559 2046 habeant
590 1983 652 2041 sive
682 1982 785 2055 minus,
811 1983 907 2042 omnia
927 1988 987 2042 tam
1009 2004 1092 2043 sacra
1113 2003 1199 2059 quarn

130 2063 255 2140 profana
285 2063 317 2121 iu
347 2062 474 2121 deterius
504 2067 604 2140 ruent3
627 2068 657 2122 et
675 2063 763 2138 longe
784 2063 877 2135 citius,
900 2063 994 2140 siqui
1016 2064 1071 2121 viri
1092 2063 1200 2139 privati

130 2143 267 2202 seditiose
297 2143 345 2219 jus
379 2143 508 2201 divinum
529 2143 677 2201 vindicare
696 2143 796 2202 velint.
820 2143 1003 2219 Quapropter
1023 2145 1079 2202 hoc
1098 2143 1199 2201 iisdem

127 2225 177 2301 jus
208 2224 378 2298 denegando
410 2223 480 2283 nihil
512 2224 643 2282 absolute
673 2228 868 2298 promovetur,
899 2225 949 2282 sed
970 2229 1072 2282 contra
1092 2224 1199 2281 malurn

130 2303 226 2379 magis
246 2309 385 2378 augetur;
407 2323 475 2362 nam
489 2305 544 2362 hoc
553 2303 616 2379 ipso
626 2305 669 2374 fit,
681 2308 714 2361 ut
725 2303 887 2362 necessario
900 2304 997 2376 (sicuti
1007 2305 1199 2362 Hebraeorum

130 2387 236 2459 Regae,
260 2383 363 2460 quibus
384 2385 438 2443 hoc
456 2384 504 2460 jus
525 2404 582 2442 non
603 2385 734 2442 absolute
755 2404 921 2443 concessum
942 2385 1009 2459 fuit)
1029 2383 1109 2460 impii
1130 2383 1198 2454 sint,

130 2469 162 2524 et
194 2469 413 2540 consequenter,
445 2470 478 2522 ut
509 2465 598 2523 totius
622 2465 798 2540 Reipublicae
820 2465 955 2523 damnum
976 2470 1006 2524 et
1026 2465 1142 2535 malum,
1164 2484 1199 2522 ex

130 2545 243 2603 incerto
274 2549 304 2603 et
335 2544 531 2619 contingente,
564 2549 674 2604 certum
699 2551 729 2604 et
749 2545 941 2604 necessarium
962 2546 1110 2605 reddatur.
1132 2544 1199 2603 Sive

130 2624 224 2700 igitur
253 2625 296 2683 rei
327 2625 488 2696 veritatem,
521 2625 583 2684 sive
612 2625 724 2702 imperii
755 2626 948 2697 securitatem,
981 2627 1042 2686 sive
1077 2625 1199 2700 denique

131 2704 251 2782 pietatis
281 2704 489 2763 incrementum
520 2710 691 2781 spectemus
723 2712 852 2766 statuere
883 2707 1021 2783 cogimur,
1044 2707 1092 2783 jus
1112 2706 1199 2765 etiam

132 2786 273 2857 divinum,
296 2785 357 2844 sive
376 2786 424 2861 jus
444 2785 520 2844 circa
541 2806 632 2857 sacra,
655 2807 672 2844 a
693 2787 808 2846 decreto
828 2807 1002 2846 summarum
1023 2792 1199 2863 potestatum

132 2865 265 2925 absolute
297 2866 431 2941 pendere,
456 2885 561 2940 easque
582 2867 709 2942 ejusdcm
728 2867 902 2942 interpretes
923 2888 985 2926 esse
1005 2873 1035 2926 et
1055 2866 1197 2938 vindices3

132 2967 171 3005 ex
192 2945 295 3021 quibus
316 2945 454 3021 sequitur,
476 2945 541 3004 illos
562 2946 616 3005 Dei
637 2947 717 3004 verbi
738 2947 885 3006 ministros
906 2967 977 3019 esse,
1000 2947 1050 3023 qui
1063 2948 1199 3023 populum

131 3047 170 3085 ex
202 3026 380 3085 authoritate
411 3046 585 3084 summarum
617 3031 794 3102 potestatum
821 3027 958 3102 pietatem
980 3028 1092 3098 docent,
1113 3031 1199 3103 prout

131 3107 196 3183 ipsa
218 3126 255 3164 ex
277 3126 374 3165 earum
397 3106 512 3164 decreto
533 3106 655 3182 publicae
677 3106 796 3164 utilitati
817 3108 1032 3166 accommodata
1052 3110 1104 3165 est.

174 3187 313 3262 Superest
331 3187 400 3261 jam,
422 3206 539 3244 causam
554 3186 640 3245 etiam
655 3186 791 3257 indicare,
807 3206 858 3245 cur
871 3207 984 3262 semper
993 3187 1024 3244 in
1035 3185 1199 3245 Christiano

131 3266 252 3343 imperio
294 3267 329 3324 ds
360 3267 415 3325 hoc
444 3267 509 3342 jure
540 3267 731 3343 disceptatum
761 3265 825 3339 fuit,
858 3287 921 3325 cum
953 3271 1051 3325 tamon
1084 3264 1200 3323 Hebraei

131 3366 291 3422 nunquam,
323 3347 399 3422 quod
431 3346 528 3418 sciam,
561 3348 596 3405 de
628 3347 726 3407 eodem
758 3347 947 3421 ambegerint.
974 3347 1049 3405 Sane
1070 3348 1200 3403 monstro

132 3427 225 3486 simile
246 3427 339 3485 videri
359 3431 466 3502 posset,
489 3428 563 3502 quod
586 3428 620 3486 de
631 3447 663 3487 re
674 3434 734 3487 tam
745 3427 900 3486 manifesta
909 3431 1026 3502 tamque
1037 3424 1200 3484 necessaria

132 3507 255 3583 quaestio
287 3527 400 3582 semper
430 3507 527 3580 fuerit,
559 3512 588 3566 et
621 3510 696 3585 quod
728 3527 847 3566 summas
878 3511 1039 3583 potestates
1069 3507 1124 3564 hoc
1153 3505 1200 3584 jus

131 3607 281 3663 nunquam
323 3589 431 3663 absque
471 3591 677 3663 controversia,
718 3588 776 3646 imo
817 3607 964 3662 nunquam
1005 3586 1061 3646 nisi
1093 3605 1199 3662 magno

133 3668 306 3727 seditionum
328 3668 454 3743 periculo
475 3671 505 3726 et
528 3668 677 3744 religionis
687 3668 868 3740 detrimento,
880 3668 1042 3728 habuerint.
1055 3668 1198 3738 Profecto,

133 3748 158 3806 si
189 3748 277 3824 hujus
307 3748 349 3806 rei
370 3749 478 3806 nullam
499 3752 607 3808 certam
628 3769 744 3811 oausam
766 3747 916 3822 assignare
936 3767 1094 3824 possemus,
1115 3746 1200 3805 facile

132 3828 204 3886 mihi
235 3830 447 3904 persuaderem,
480 3828 584 3902 omnia,
617 3853 682 3908 qnae
713 3830 743 3888 in
774 3830 829 3887 hoc
856 3829 958 3904 Capite
989 3827 1110 3897 ostendi,
1141 3846 1200 3885 non
