2662 4298
180 309 241 368 314
575 327 713 368 urrerem
734 328 842 368 xxxur.

180 516 246 555 cum
276 495 316 553 ibi
346 500 431 566 esset,
464 497 606 571 quomodo
637 495 776 572 ejusmodi
804 496 912 554 animal
932 498 1063 557 tamdiu
1086 501 1257 576 supervivere

182 575 333 652 potuerit?
364 577 509 635 Praeterea
540 576 615 634 idem
646 575 765 634 Amicus
795 575 866 633 mihi
897 576 1108 651 significavit,
1133 580 1256 640 curiosum

181 656 322 731 quendam
344 654 496 726 Medicum,
518 655 615 714 itidem
638 656 838 726 Oxoniensem,
854 657 914 714 Lac
929 657 1140 735 insanguine
1152 662 1257 720 humane

180 735 335 794 invenisse.
357 734 465 794 Narrat
485 735 571 807 enim,
592 736 726 811 puellam,
748 741 863 811 sumpto
883 736 1017 810 largiori
1030 741 1194 815 jentaculo
1203 743 1258 800 here

179 815 305 891 septima
335 816 487 887 matutina,
520 815 691 890 sanguinem
720 815 832 874 misisse
862 815 893 874 in
924 819 1008 892 pede
1042 821 1127 880 hora
1149 823 1258 897 ejusden

180 895 237 953 diei
258 894 426 954 undecima:
449 901 479 954 et
499 896 622 971 primurn
644 895 814 970 sanguinem
833 895 1001 956 immissum
1014 899 1117 960 fuisse
1130 902 1258 971 Scutelle,

180 994 312 1051 eumque,
334 994 426 1050 pauco
448 977 553 1035 exinde
574 975 711 1052 temporis
732 976 825 1051 spatio
846 976 956 1051 elapso,
968 979 1118 1040 alborem
1129 982 1259 1053 induisse

178 1060 354 1131 postremum
383 1076 453 1114 vcro
474 1057 646 1131 sanguinem
667 1056 697 1114 in
719 1056 866 1114 vasculum
888 1056 999 1129 minue,
1025 1063 1113 1136 quod
1138 1066 1257 1122 acetabn·
1302 1058 1306 1069 '

177 1136 244 1206 lum,
277 1136 308 1195 ui
338 1137 432 1208 fallor,
465 1144 571 1195 vocant
599 1136 734 1211 (Anglice
755 1157 774 1194 a
795 1137 923 1209 Suwcer)
944 1137 1127 1214 influxisse,
1151 1163 1260 1219 cumque

177 1217 311 1292 protinus
331 1216 362 1274 in
382 1218 525 1293 placentae
545 1217 646 1275 lacteae
667 1217 788 1274 formam
809 1215 934 1287 abiisse;
950 1217 1133 1296 interjectis
1144 1224 1259 1300 quinque

179 1304 230 1355 aut
251 1317 304 1356 sex
323 1297 403 1355 horis
416 1297 559 1356 Medicum
572 1316 719 1355 reversum
731 1296 901 1370 sauguinem
912 1301 1082 1376 utrumque
1094 1302 1258 1380 inspexisse,

179 1396 309 1452 eumque,
332 1377 431 1452 quiin
453 1377 579 1436 Scutella
601 1382 674 1448 erat,
696 1376 842 1435 dimidium
862 1376 953 1436 fuisse
974 1382 1177 1456 sanguinem,
1192 1383 1258 1442 dimi-

179 1457 258 1516 dium
289 1477 358 1516 vero
390 1456 598 1532 chylifcrmem,
630 1457 679 1533 qui
710 1456 812 1532 chylus
832 1457 978 1532 sanguini,
1000 1466 1040 1519 ut
1063 1482 1170 1522 serum
1190 1464 1258 1537 lacti,

177 1537 375 1595 innataverit:
397 1543 429 1595 at
449 1557 524 1608 cum,
546 1538 595 1613 qui
615 1543 679 1596 erat
698 1536 728 1594 in
750 1538 902 1607 acetabulo,
915 1542 1013 1596 totum
1027 1541 1129 1602 fuisse
1140 1545 1258 1620 chylum,

177 1616 239 1675 eine
267 1617 327 1675 ulla
347 1617 498 1692 sanguinis
519 1617 632 1693 specie;
654 1636 775 1692 cumque
795 1621 948 1693 utrumque
970 1638 1068 1695 super
1089 1623 1167 1698 igne
1188 1645 1257 1683 seer·

177 1696 230 1755 sim
260 1697 440 1766 calefaceret,
471 1700 570 1756 ambos
586 1698 717 1774 liquores
736 1696 915 1756 induruisse:
937 1700 1072 1773 puellam
1095 1723 1173 1763 vero
1194 1707 1259 1763 bene

178 1775 314 1848 valuisse,
349 1796 403 1835 nec
433 1778 604 1853 sauguinem
634 1777 754 1848 misisse,
786 1777 844 1836 nisi
875 1779 950 1854 quod
982 1800 1146 1857 nunquam
1179 1805 1257 1861 passa

176 1856 280 1915 fuisset
299 1862 457 1927 menstrua,
479 1878 652 1933 quamquam
673 1859 767 1917 colere
787 1858 890 1917 florido
911 1858 1037 1933 vigeret.

218 1937 273 1996 Sed
300 1943 417 1996 transeo
449 1939 485 1997 ad
519 1937 648 1998 Politice.
680 1939 716 1997 In
741 1937 866 1996 omnium
889 1958 938 1997 ore
958 1939 1007 1998 hic
1028 1947 1081 1999 est
1102 1963 1209 2002 rumor
1227 1945 1257 2003 de

176 2018 382 2091 israelitarum,
403 2037 456 2094 per
476 2019 627 2094 plusquam
651 2018 694 2077 bis
715 2018 791 2077 mille
807 2017 904 2077 'annos
926 2018 1144 2096 dispersorum,
1166 2025 1256 2084 reditu

174 2098 205 2158 in
239 2099 376 2158 Patriam.
409 2099 496 2158 Pauci
529 2098 559 2157 id
590 2099 728 2157 hocloco
749 2100 878 2170 credunt,
901 2103 933 2157 at
952 2099 1037 2158 multi
1060 2107 1186 2178 optant.
1208 2107 1254 2176 Tu,

175 2178 243 2253 quid
276 2181 330 2238 hac
362 2181 396 2237 de
428 2199 459 2237 re
485 2179 585 2238 audias
606 2184 783 2254 statuasque,
805 2179 896 2237 amice
917 2184 967 2239 tuo
989 2179 1192 2254 significabis
1213 2187 1256 2244 lle

176 2261 251 2334 quod
284 2260 397 2333 attinet,
431 2260 566 2334 quamdiu
586 2259 670 2317 Nova
690 2260 754 2318 haec
775 2281 792 2318 a
812 2259 890 2317 Viris
910 2260 966 2317 fide
988 2259 1090 2335 dignis
1113 2285 1178 2324 non
1199 2286 1255 2342 per-

178 2340 343 2398 scribuntur
374 2360 411 2398 ex
432 2341 511 2399 Urbe
532 2340 861 2414 Constantinopolitana,
884 2339 930 2397 cui
951 2340 1039 2414 hujus
1061 2343 1108 2400 rei
1130 2347 1257 2404 maxime

175 2420 304 2478 omnium
335 2421 464 2491 interest,
498 2421 582 2478 fidem
614 2420 649 2477 iis
677 2421 813 2479 adhibere
833 2439 889 2477 nou
912 2439 1040 2494 possum.
1064 2422 1153 2485 Scire
1177 2446 1255 2497 aveo,

174 2500 242 2574 quid
264 2502 282 2558 J
287 2501 361 2559 udaei
381 2501 673 2559 Amstelaedamenses
694 2520 729 2558 ea
750 2503 784 2559 de
799 2520 830 2558 re
844 2499 1051 2571 inaudiveriut,
1064 2508 1098 2561 et
1110 2509 1257 2580 quomodo

174 2585 257 2637 tanto
279 2581 384 2638 nuncio
406 2581 577 2652 afficiantur,
600 2581 657 2657 qui,
680 2601 767 2639 verus
788 2581 812 2639 si
832 2580 928 2646 fuerit,
951 2599 1049 2639 rerum
1071 2587 1213 2646 omnium
1229 2589 1258 2646 in

174 2660 283 2717 Mundo
306 2660 520 2735 Catastrophen
540 2660 694 2719 induturus
715 2682 785 2719 sane
806 2661 929 2719 videtur.

215 2739 289 2809 Quid
324 2740 431 2798 Suecus
462 2761 539 2798 nunc
570 2741 715 2814 moliatur,
747 2746 777 2800 et
806 2740 1064 2816 BraudiburgicuS,
1101 2746 1131 2805 si
1164 2753 1259 2823 potes,

175 2820 306 2895 expliea3
330 2825 359 2878 et
380 2821 464 2879 crede
484 2841 529 2879 me
553 2841 615 2879 esse

781 2984 836 3040 Tm·
858 2983 1083 3040 Studiossimum

891 3117 987 3173 Hnun.
1010 3116 1215 3183 Onnnussunc.

235 3222 344 3268 Londini
365 3223 406 3268 die
424 3223 445 3269 8.
463 3224 583 3270 Decemb.
602 3224 668 3269 1665.

214 3364 246 3422 P.
270 3365 297 3424 S.
331 3365 404 3435 Quid
437 3367 472 3424 de
503 3365 620 3440 nuperis
652 3365 777 3424 Cernetis
798 3364 891 3424 nostri
912 3364 1082 3440 Philosophi
1105 3374 1261 3450 statuant,

173 3444 255 3503 brevi
276 3445 328 3503 tibi
349 3445 491 3517 indicabo,
513 3447 574 3504 Deo
595 3447 718 3504 volente.

1328 3083 1331 3180 l
