2662 4298
124 339 184 397 414
538 355 678 394 emenoni
699 355 802 394 cxxiv.

123 523 288 599 losophanti
309 522 480 581 creaverint.
513 522 586 580 Vale
605 520 704 597 igitur,
726 526 757 579 et
779 541 828 580 me
848 523 964 598 jugem
989 526 1173 586 Eruditionis
1189 537 1211 586 et

125 603 257 663 Scientiae
277 608 337 661 tuae
358 603 498 661 cultorem
519 603 612 661 crede.

156 729 219 776 Dab.
236 729 347 774 Loudini
364 728 405 774 die
424 728 459 773 16.
476 727 596 773 Decemb.
617 727 683 772 1675.

385 989 604 1046 ammoni
631 987 739 1045 LXXV
758 989 839 1061 (omn
856 993 955 1066 xxm),

401 1122 470 1180 VIro
492 1122 675 1180 Nobilissimo
696 1141 730 1180 oc
751 1123 933 1183 Doctiseimo

369 1256 582 1315 HENRIOO
604 1255 976 1319 OLDENBURGIO.

595 1389 630 1447 Β.
652 1408 679 1447 n.
703 1389 730 1448 S.

440 1521 597 1595 Responsio
617 1522 657 1578 cd
673 1523 889 1596 procedentem.

184 1657 300 1702 Alterum
316 1655 460 1713 exemplum
477 1668 528 1700 uua
544 1667 603 1700 cum
618 1654 701 1714 Epist.
717 1653 824 1700 LXXIII
841 1670 856 1702 a
874 1657 1033 1707 Gerhardto
1052 1664 1161 1710 ch'tum.

248 1771 429 1829 Nobilissiine
453 1772 581 1842 Domine,

169 1879 260 1937 Video
282 1878 408 1946 tandem,
431 1877 499 1952 quid
518 1877 548 1934 id
569 1877 666 1944 fuerit,
689 1878 765 1955 quod
786 1897 804 1935 a
824 1898 871 1937 me
885 1884 1073 1956 postulabas
1088 1887 1206 1946 neevul·

130 1979 243 2035 garem3
274 1960 323 2017 sed
345 1957 413 2034 quia
433 1957 462 2016 id
483 1957 576 2033 ipsum
597 1957 775 2034 praecipuum
795 1964 841 2016 est
861 1960 1098 2024 fundamentum
1121 1987 1207 2026 eorum

130 2040 265 2109 omnium,
288 2059 352 2114 quae
373 2038 405 2096 in
425 2039 574 2106 Tractatu
596 2058 681 2113 quom
702 2039 787 2096 edere
808 2039 1046 2118 destinaveram,
1060 2047 1206 2113 habentur,

131 2121 197 2180 volo
229 2120 277 2178 hic
307 2118 407 2194 paucis
439 2118 592 2192 explicare,
625 2138 682 2193 qua
713 2118 825 2177 ratione
857 2139 912 2194 ego
937 2121 1067 2183 fatalem
1090 2127 1206 2186 omnium

132 2222 228 2259 rerum
260 2204 288 2258 et
321 2199 466 2257 actionum
494 2198 696 2257 necessitatem
718 2203 854 2257 statuam.
886 2200 963 2259 Nam
1004 2204 1106 2265 Deum
1139 2208 1206 2266 nullo

130 2282 214 2338 modo
245 2281 306 2338 fato
338 2278 467 2355 subjicio,
501 2279 551 2336 sed
584 2279 680 2337 omnia
710 2279 871 2337 inevitabili
892 2284 1080 2344 necessitate
1102 2308 1141 2346 cx
1161 2287 1205 2346 Dei

130 2366 236 2419 natura
267 2360 348 2435 sequi
380 2359 508 2434 concipio
541 2360 640 2416 eodem
671 2361 763 2431 modo,
793 2379 826 2416 ac
847 2379 948 2419 omnes
969 2367 1157 2442 concipiunt,
1178 2388 1205 2425 es

131 2441 221 2516 ipsius
253 2441 306 2498 Dei
339 2449 444 2498 natura
475 2439 564 2514 sequi,
598 2444 631 2496 ut
661 2441 740 2497 Deus
771 2460 802 2497 se
825 2439 920 2515 ipsum
946 2442 1118 2520 intelligat;
1140 2448 1205 2524 quod

131 2541 202 2578 sane
234 2540 316 2577 nemo
338 2526 428 2595 negat
449 2540 485 2577 ex
507 2519 605 2577 divina
627 2525 733 2578 natura
754 2521 917 2578 necessario
941 2525 1037 2597 sequi,
1060 2532 1093 2585 et
1116 2534 1204 2586 tamen

133 2621 216 2658 nenio
248 2600 380 2673 concipit,
403 2602 494 2657 Deum
515 2601 576 2658 fato
598 2600 694 2674 aliquo
719 2605 859 2670 coactum,
886 2602 937 2659 sed
966 2605 1091 2665 omnino
1114 2609 1203 2679 libere,

133 2679 248 2738 tametsi
270 2679 440 2749 necessario,
463 2699 494 2736 se
514 2680 607 2754 ipsum
628 2680 791 2754 intelligere
806 2684 829 2739 *.

171 2759 282 2817 Deinde
304 2760 366 2816 haec
387 2759 563 2817 inevitabilis
584 2780 679 2818 rerum
702 2761 861 2818 necessitas
882 2782 936 2819 nec
955 2763 1026 2838 jura
1041 2766 1145 2825 divina
1158 2786 1203 2824 nec

132 2842 258 2898 humana
279 2839 362 2898 tollit.
398 2839 472 2897 Nam
492 2839 556 2914 ipsa
576 2841 697 2898 moralia
715 2842 894 2914 documenta,
917 2842 979 2901 siva
994 2844 1122 2905 formam
1138 2847 1202 2921 legis

133 2942 183 2979 seu
214 2920 287 2996 juris
309 2922 342 2956 *²⁸
373 2923 409 2978 ab
440 2921 502 2995 ipso
533 2922 594 2978 Deo
627 2921 770 2996 accipiant
801 2923 862 2979 sive
893 2942 961 2992 non,
985 2924 1090 2984 divina
1112 2933 1202 2986 tamen

134 3007 202 3059 sunt
223 3008 252 3059 ct
274 3001 423 3069 salutaria,
446 3006 475 3058 et
496 3000 520 3058 si
541 3004 656 3072 bonum,
679 3003 756 3076 quod
771 3021 808 3058 ex
822 3001 930 3060 virtute
946 3008 976 3060 ct
990 3024 1093 3064 amore
1109 3007 1200 3065 divino

132 3082 269 3156 sequitur,
285 3102 303 3140 a
317 3083 378 3139 Deo
393 3086 532 3156 tanquam
547 3081 650 3139 Judice
664 3081 847 3156 accipiamus
861 3084 907 3140 vel
919 3087 969 3152 *e*
982 3103 1019 3142 ex
1031 3088 1200 3146 necessitate

135 3162 246 3220 Divinae
268 3166 381 3219 naturae
404 3166 526 3232 emanet,
548 3182 606 3219 non
628 3162 683 3219 erit
705 3167 858 3237 propterea
879 3163 973 3237 magis
994 3171 1048 3223 aut
1072 3171 1091 3238 †
1113 3168 1201 3225 minus

132 3242 267 3317 optabile,
290 3247 323 3299 ut
344 3261 396 3299 nec
418 3247 519 3300 contra
539 3243 624 3305 mala.
640 3262 704 3315 quae
719 3262 757 3299 cx
771 3243 870 3317 pravis
881 3243 1045 3303 actionibus
1057 3252 1086 3304 et
1099 3247 1199 3306 affecti-

133 3325 186 3380 bus
208 3327 376 3396 scquuntur,
399 3322 472 3388 ideo.
495 3322 563 3397 quia
577 3321 740 3380 necessario
756 3343 792 3380 cx
807 3323 908 3381 iisdem
923 3331 1095 3399 sequuntur,
1112 3328 1200 3385 minus

132 3403 260 3460 timenda
292 3407 368 3473 sunt,
401 3407 429 3460 et
462 3403 592 3477 denique,
625 3403 686 3460 sive
718 3422 761 3472 ca,
794 3424 858 3478 quae
887 3404 1011 3478 agimus,
1041 3407 1200 3465 necessario

131 3483 179 3540 vel
193 3486 229 3554 tt
252 3482 454 3556 contingenter
474 3503 604 3557 agamus
626 3503 677 3557 spe
699 3488 795 3540 tamen
817 3489 846 3541 et
868 3489 947 3542 metu
967 3485 1109 3545 ducimur.

172 3563 263 3620 Porro
285 3563 415 3620 homines
436 3583 532 3621 coram
554 3565 615 3621 Deo
637 3564 718 3620 nulla
740 3563 796 3620 alia
818 3565 852 3622 de
867 3584 954 3622 cansa
969 3571 1040 3623 sunt
1053 3566 1199 3627 inexcusa-

163 3704 174 3727 *
193 3704 282 3750 Gerh.:
300 3705 364 3762 qicod
380 3705 447 3748 Dens
457 3738 477 3750 ..
490 3709 616 3749 ‚coactum
627 3739 631 3749 .
644 3705 788 3762 catelinot.

165 3767 189 3792 **
206 3767 297 3812 Gerh.:
316 3768 376 3824 lepis·
393 3768 508 3823 cujusvis.

164 3830 200 3887 ‘'a'‘
217 3829 305 3875 Gerh.:
323 3830 359 3873 vel
375 3831 445 3888 quod.
571 3831 585 3881 †
602 3828 670 3873 Gerh
685 3845 690 3874 :
708 3830 751 3874 cel.
877 3833 904 3884 ἥ
921 3830 1010 3876 Germ:
1027 3833 1084 3878 slve.
