2662 4298
542 351 681 390 srrsronn
702 351 795 390 nxvn.
1147 337 1203 395 401

133 522 220 578 finem
250 518 397 594 largitam,
429 523 459 577 et
490 518 614 594 Spiritus
635 517 743 588 Sancti,
765 517 847 593 cujus
867 519 996 577 Ecclesia
1018 520 1129 595 Sponsa
1151 529 1204 594 est,

132 600 333 671 directionem,
355 601 665 674 irreformabilitntem,
688 618 753 673 qua,
776 599 920 674 corrumpi
934 604 964 657 et
976 600 1038 658 falli
1048 602 1206 679 fallereque

132 701 196 739 cum
218 701 277 738 non
302 679 402 754 possit,
424 699 571 754 nunquam
593 699 679 753 cgere
700 683 831 749 constat;
858 679 1008 750 Uniratem,
1031 700 1087 755 qua
1109 684 1206 742 omnia

133 761 195 836 ejus
225 764 355 818 membra
384 759 461 818 idem
492 761 622 830 credunt,
653 759 729 818 idem
760 759 854 833 quoad
875 759 961 818 fidem
981 761 1094 832 docent,
1116 783 1206 822 unum
1296 834 1302 841 ,

130 841 263 916 idemque
294 841 395 913 altare,
426 845 457 898 et
487 839 582 898 omnia
615 839 810 908 Sacramenta,
843 840 1004 898 communia
1032 842 1149 912 habent,
1172 864 1206 902 ao

132 921 250 979 tandem
270 920 301 979 in
322 941 410 978 unum
432 920 610 995 eundemque
635 920 721 977 finem
742 919 918 994 conspirant,
940 920 995 978 sibi
1016 926 1116 980 mutuo
1141 926 1205 983 obe·

133 1001 256 1072 dicntia;
290 1002 408 1058 Nullius
438 1004 553 1070 anima,
585 1002 639 1058 sub
664 1018 836 1075 quocunque
856 1001 970 1058 demum
991 1006 1147 1076 praetextu,
1169 1007 1206 1062 ab

131 1085 197 1156 ipsa
219 1083 477 1156 Separabilitutcm,
500 1080 568 1155 quin
590 1080 673 1138 simul
688 1080 818 1138 incurrat
829 1084 969 1138 aeternam
981 1082 1204 1154 damnationem,

131 1161 187 1219 nisi
219 1166 287 1219 ante
317 1165 439 1219 mortem
467 1160 558 1219 eidem
579 1160 684 1218 iterum
705 1179 757 1235 per
777 1159 976 1234 poenitentiam
998 1162 1086 1220 fucrit
1106 1163 1205 1236 unita3

133 1261 191 1316 qua
212 1246 302 1316 patet,
325 1261 424 1299 omnes
445 1242 572 1299 haereses
593 1261 629 1299 cx
649 1241 699 1298 illa
720 1239 834 1312 exiisse,
857 1241 922 1298 dum
944 1240 994 1298 illa
1014 1261 1136 1317 semper,
1152 1244 1206 1302 sibi

131 1323 231 1379 eadem
263 1325 409 1392 constans,
442 1326 472 1378 et
503 1320 645 1379 stabiliter
666 1321 758 1391 firma,
780 1325 881 1395 utpote
903 1321 998 1379 Petrae
1019 1321 1204 1392 inaedificata,

130 1407 299 1476 permanet;
332 1403 532 1460 Ehtenaionem
570 1402 776 1472 Vanissimum,
803 1420 861 1475 qua
881 1420 933 1475 per
953 1405 1045 1459 totum
1067 1404 1204 1462 mundum

131 1501 204 1552 sese,
235 1481 322 1556 idque
353 1481 506 1540 visibiliter
537 1480 686 1552 diffundit;
720 1481 795 1556 quod
818 1482 853 1538 de
873 1481 954 1538 nulla
974 1482 1031 1540 alia
1052 1482 1204 1555 Societate,

130 1561 330 1633 Schismatica,
360 1566 411 1620 aut
431 1561 588 1630 Haeretica,
610 1565 661 1619 aut
682 1561 810 1635 Pagana‚
833 1579 927 1637 neque
948 1561 984 1619 de
1004 1563 1062 1620 ullo
1083 1563 1205 1623 Politice

129 1641 291 1716 ltegimine,
325 1646 376 1700 aut
407 1641 611 1717 ,Philosophiae
638 1641 787 1711 Doctrina,
809 1641 899 1699 asseri
920 1646 1025 1716 potest,
1046 1643 1131 1702 sicuti
1152 1665 1205 1703 nec

128 1722 189 1780 ulla
219 1741 267 1794 ex,
283 1721 367 1780 dictis
388 1722 613 1797 proprietatibus
633 1721 771 1780 Ecclesiae
792 1721 950 1780 Catholicae
970 1723 1021 1780 ulli
1042 1724 1090 1781 alii
1112 1724 1205 1783 Socie-

128 1802 185 1859 tati
217 1802 354 1860 convenit
386 1808 437 1861 aut
468 1802 622 1861 convenire
649 1806 762 1876 potcst3
792 1822 826 1859 ac
847 1803 964 1860 tandem
984 1805 1204 1878 Perpetnitctcm

130 1901 220 1958 usque
250 1884 290 1940 ad
320 1885 405 1956 finem
437 1885 548 1952 raaudi,
581 1883 616 1940 de
648 1901 704 1956 qua
733 1901 862 1939 securam
884 1881 976 1956 ipsam
996 1883 1121 1942 reddidit
1141 1884 1205 1960 ipsa

129 1962 195 2032 Via,
228 1962 353 2033 Veritas,
386 1967 416 2020 et
446 1962 525 2036 Vita,
551 1981 692 2037 quamque
714 1961 893 2036 experientia
914 1962 1040 2020 omnium
1061 1964 1203 2023 dictarum

130 2042 350 2117 proprietatum,
382 2042 513 2100 similiter
543 2042 599 2117 ipsi
629 2045 666 2100 ab
700 2042 800 2100 eodem
834 2041 949 2100 Christo
980 2062 1032 2117 per
1066 2043 1204 2118 Spiritum

128 2124 267 2180 Sanctum
285 2122 492 2198 promissarum
512 2142 547 2179 ac
569 2123 710 2192 datarum,
732 2121 884 2179 manifeste
905 2122 992 2180 etiam
1014 2123 1202 2184 demonstrat.

172 2202 283 2277 Collige
305 2203 415 2278 quinto,
437 2203 567 2260 ordinem
589 2201 795 2272 admirabilem,
818 2221 873 2276 quo
895 2202 1031 2277 dirigitur
1051 2224 1085 2261 ac
1097 2207 1202 2278 guber-

128 2287 218 2340 natur
249 2283 387 2351 Ecclesia,
419 2287 509 2341 tantae
541 2283 624 2340 molis
655 2301 770 2356 corpus,
792 2281 920 2340 indicare
941 2283 1101 2354 manifeste,
1124 2284 1202 2344 illam

128 2363 282 2420 admodum
305 2363 520 2438 particulariter
541 2384 558 2421 a
576 2362 630 2420 Dei
641 2362 829 2420 Providentia
841 2363 1011 2437 dependere,
1024 2368 1053 2422 et
1065 2384 1082 2422 a
1093 2364 1201 2439 Spiritu

128 2443 235 2501 Sancto
265 2443 435 2501 mirabilitm
459 2443 581 2517 disponi,
604 2441 727 2518 protegi,
750 2462 784 2501 ac
805 2442 892 2516 dirigi
914 2443 976 2518 ejus
997 2444 1199 2504 administrati·

127 2543 226 2591 onem3
261 2523 337 2581 sicut
368 2523 528 2592 harmonia,
560 2543 625 2598 quae
656 2522 687 2580 in
718 2522 829 2580 cunctis
859 2524 945 2580 rebus
966 2523 1052 2599 hujus
1074 2525 1203 2583 universi

127 2602 310 2678 perspicitur,
334 2603 590 2678 Omnipotentiam‚
614 2602 800 2678 Sapientiam,
821 2607 851 2660 et
871 2603 1088 2663 Providentiam
1100 2606 1202 2664 Infini-

127 2690 198 2752 tam,
230 2703 294 2757 quae
321 2683 417 2741 omnia
438 2683 559 2754 creavit,
580 2688 610 2742 et
631 2683 789 2741 etiamnum
810 2689 973 2754 conservat,
994 2684 1148 2759 indigitat:
1170 2686 1201 2745 in

128 2763 208 2821 nulla
236 2763 311 2821 enim
333 2763 389 2822 alia
410 2763 549 2822 societate
570 2763 637 2821 talis
659 2764 738 2834 ordo,
760 2770 820 2821 tam
841 2764 949 2838 pulcer,
971 2769 1001 2822 et
1022 2765 1148 2838 strictae,
1172 2772 1201 2825 ct

126 2843 190 2900 sine
210 2842 429 2919 interruptione,
452 2848 595 2902 servatur.

169 2923 272 2997 Cogita
293 2929 386 2994 sexto,
407 2923 571 2982 Catholicos
592 2923 681 2996 (ultra
696 2924 772 2996 quod
787 2923 930 2981 innumeri
941 2923 1091 2999 utriusque
1103 2944 1200 2996 saxna,

129 3023 250 3077 quorum
282 3005 376 3062 adhuc
408 3003 493 3061 hodie
524 3004 606 3061 multi
628 3008 793 3077 supersunt,
816 3003 928 3078 aliquos
948 3003 1070 3078 ipsemet
1090 3004 1151 3071 vidi
1171 3011 1202 3063 et

128 3083 205 3150 novi,
229 3084 437 3143 admirabiliter
458 3088 488 3141 et
509 3083 690 3141 sanctissime
710 3082 848 3157 vixerint,
871 3087 900 3140 et
921 3103 973 3158 per
993 3083 1132 3142 virtutem
1146 3085 1200 3143 Dei
1255 3091 1261 3105 '

128 3163 354 3238 omnipotentem
375 3164 405 3222 in
426 3163 548 3222 Nomine
570 3164 717 3221 adorando
738 3163 813 3224 Jcsu
833 3162 941 3222 Christi
955 3164 1046 3221 multa
1059 3164 1200 3222 miracula

128 3244 258 3314 fecerint,
281 3264 334 3302 nec
355 3264 414 3302 non
435 3243 564 3319 quotidie
584 3244 680 3301 adhuc
693 3243 766 3301 fiant
775 3243 978 3301 conversiones
988 3249 1199 3303 momentaneae

129 3324 405 3399 quamplurimorum
433 3324 597 3399 apessima
618 3324 654 3381 ad
676 3324 830 3392 meliorem,
852 3343 921 3381 vere
942 3323 1147 3393 Christianam,
1170 3331 1200 3383 et

127 3408 259 3462 sanctam
287 3405 390 3478 vitam)
419 3404 571 3462 universos
591 3403 622 3462 in
643 3423 759 3477 genere,
782 3423 838 3479 quo
860 3403 1019 3461 sanctiores
1040 3408 1070 3461 et
1090 3405 1200 3478 perfec·

128 3484 225 3552 tiores,
248 3504 282 3542 eo
304 3485 470 3543 humiliores
490 3504 561 3555 esse,
584 3503 671 3558 seque
691 3483 785 3558 magis
795 3483 930 3558 indignos
940 3487 1084 3558 reputare,
1096 3489 1126 3541 et
1136 3483 1200 3542 aliis

128 3565 230 3622 cedere
261 3565 375 3624 laudem
397 3564 556 3624 Sanctioris
576 3564 662 3632 vitse3
684 3568 851 3638 peccatores
872 3568 969 3621 autem
990 3564 1035 3621 vel
1057 3563 1199 3622 maximos

127 3664 242 3719 semper
263 3645 450 3704 nihilominus
463 3649 627 3720 respectum
640 3644 767 3702 debitum
777 3644 808 3701 in
820 3643 909 3701 Sacra
920 3643 1054 3712 retinere,
1067 3644 1199 3703 confiteri

127 3744 210 3783 suam
237 3726 384 3801 propriam
412 3724 632 3799 malignitatem,
655 3744 792 3783 accusare
813 3723 931 3799 propria
951 3723 1024 3782 vitia
1045 3729 1074 3783 ct
1095 3725 1197 3800 imper·

126 3804 275 3875 factiones,
297 3811 327 3864 et
348 3809 385 3865 ab
405 3805 463 3864 illis
483 3805 557 3863 velle
577 3805 704 3875 libcrari,
727 3809 756 3863 et
777 3804 818 3862 sic
839 3803 999 3863 emendari:
1011 3804 1199 3880 itautpossit

166 3903 206 3962 ΙΙ.
1036 3905 1074 3962 26
