2662 4298
400 369 718 409 raneneereerenrrrer
741 371 804 411 ear.
828 371 868 409 1v.
1151 355 1168 410 5

99 537 177 595 001111
209 537 263 595 Dei
294 538 331 595 ab
363 537 425 612 ejus
457 538 622 612 cognitione
654 538 761 609 oritur;
784 539 846 615 ejus
866 544 963 599 autem
984 539 1110 613 cognitio
1132 559 1169 598 ex

99 617 299 675 communibus
330 617 495 676 notionibus
527 639 579 694 per
611 638 642 676 se
673 619 760 678 certis
786 624 815 677 et
836 619 913 678 netis
933 619 1044 678 hauriri
1065 621 1168 692 debet3

100 717 192 773 quare
218 699 305 772 lenge
326 700 416 766 abest,
438 702 472 755 ut
492 699 564 757 fides
585 699 769 758 historiarum
790 699 958 775 requisitum
981 699 1019 758 sit
1039 719 1168 758 necessa·

98 778 183 849 rium,
216 783 249 836 ut
279 779 315 836 ad
344 798 485 837 summurn
506 783 636 837 nestrum
657 781 763 837 benum
784 780 994 855 perveniamus.
1018 782 1167 846 Attamen.

98 857 232 932 quamvis
263 859 335 917 fides
365 858 551 917 historiarum
582 859 636 917 Dei
668 860 861 934 cognitionem
888 865 917 918 et
938 880 1064 918 amorem
1086 861 1169 919 nobis

99 939 170 996 dare
202 943 336 1016 nequeat,
369 958 468 997 earum
499 944 596 997 tamen
628 940 788 1011 lectionem,
820 940 933 998 ratione
965 941 1035 999 vitae
1066 940 1167 1011 civilia,

99 1017 251 1093 perutilem
284 1039 354 1089 esse,
388 1039 446 1077 nen
477 1039 631 1094 negamus3
664 1040 719 1095 que
751 1020 827 1078 enim
856 1021 1003 1079 hominum
1024 1041 1118 1079 meres
1139 1026 1170 1078 et

99 1098 288 1171 conditiones,
311 1119 375 1176 quae
397 1119 432 1157 ex
455 1101 535 1158 nulla
556 1120 587 1158 re
608 1100 709 1158 melius
730 1121 814 1175 quam
837 1120 874 1158 ex
894 1120 993 1159 eornm
1008 1101 1170 1159 actionibus
1235 1157 1241 1168 ,

99 1179 180 1238 110001
210 1186 340 1254 possunt,
373 1179 624 1239 observaverimus
656 1186 686 1238 et
714 1180 814 1239 melius
842 1180 1072 1241 noverimus'ee
1093 1181 1170 1239 inter

97 1259 176 1334 ipsos
197 1258 309 1318 cautius
329 1259 437 1331 vivere,
453 1264 624 1336 nostrasque
638 1261 766 1319 actiones
781 1266 810 1319 et
825 1261 916 1318 vitam
931 1281 1030 1319 eorum
1041 1261 1167 1335 ingenie,

95 1345 237 1414 qnantum
252 1341 338 1398 Ratio
352 1341 418 1410 fert,
430 1341 531 1398 melius
543 1342 757 1399 accommodare
767 1341 934 1416 poterimus
952 1342 1089 1399 Videmus
1101 1341 1166 1412 lll.‚

97 1421 174 1479 hanc
206 1421 299 1496 legem
330 1420 458 1479 divinam
485 1422 645 1479 naturalem
675 1441 733 1479 nen
754 1423 872 1496 exigere
894 1421 1090 1489 caeremoniae,
1112 1423 1168 1480 hec

96 1506 142 1558 est
173 1501 310 1572 actiones,
343 1521 407 1577 quae
438 1501 469 1558 in
501 1520 532 1559 se
562 1501 759 1560 indifferentes
791 1507 867 1572 sunt,
901 1507 930 1560 et
951 1503 1012 1560 sole
1033 1501 1167 1560 instituto

96 1583 180 1640 benae
200 1586 350 1655 vocantur,
373 1583 421 1640 vel
441 1602 506 1657 quae
528 1581 644 1657 aliquod
664 1585 770 1640 benum
788 1583 823 1640 ad
838 1583 961 1640 salutem
973 1581 1167 1640 necessarium

96 1666 320 1737 repraesentant,
352 1663 408 1728 vel,
440 1661 464 1719 si
496 1661 598 1731 mavia,
631 1663 767 1734 actiones,
800 1683 920 1738 quarum
954 1662 1029 1720 ratio
1050 1666 1167 1738 captum

97 1741 256 1800 humanum
287 1746 414 1817 superat.
446 1741 525 1800 Nihil
555 1742 631 1800 enim
663 1743 774 1800 Lumen
804 1743 944 1801 Naturale
966 1742 1066 1818 exigit,
1090 1743 1165 1818 quod

94 1822 191 1898 ipsum
213 1824 309 1881 lumen
331 1842 389 1880 nen
410 1821 539 1897 attingit,
561 1824 611 1881 sed
632 1821 660 1880 id
683 1828 807 1894 tantum,
823 1824 899 1898 quod
913 1823 997 1882 nobis
1011 1822 1168 1881 clarissime

95 1902 225 1961 indicare
252 1907 357 1978 petest,
386 1905 501 1973 bonum,
524 1903 585 1961 sive
606 1902 730 1961 medium
752 1905 789 1961 ad
810 1908 939 1961 nostram
960 1903 1167 1961 beatitudinem

96 2003 179 2054 esse;
213 2003 276 2059 quae
303 1987 400 2041 nutem
421 2002 459 2040 ex
479 1984 539 2041 sele
561 1983 698 2041 mandate
719 1988 749 2041 et
769 1984 903 2042 instituto
924 1987 1000 2042 bena
1022 1989 1098 2053 sunt,
1121 1983 1168 2041 vel

96 2083 134 2121 ex
165 2083 208 2135 ee,
242 2064 316 2138 qued
350 2063 472 2138 alicujus
501 2063 569 2121 beni
601 2063 660 2121 sint
686 2063 949 2139 repraesentamina,
978 2068 1167 2122 canestrum

96 2143 274 2203 intellectum
294 2144 432 2219 perficere
453 2149 608 2219 nequeunt,
631 2164 684 2202 nec
705 2144 782 2203 aliud
798 2145 854 2202 nisi
868 2162 954 2203 meree
969 2146 1077 2202 umbrae
1088 2148 1165 2214 sunt,

97 2243 150 2282 nec
180 2225 258 2282 inter
285 2224 422 2293 actiones,
444 2243 506 2298 quae
528 2225 609 2299 quasi
630 2225 726 2299 proles
748 2230 798 2282 aut
819 2226 929 2282 fruetus
950 2224 1114 2282 intellectus
1135 2227 1165 2281 et

96 2324 176 2362 sanae
209 2304 313 2362 mentis
344 2309 422 2374 sunt,
454 2305 599 2362 numerari
625 2309 754 2380 pessunt.
779 2305 859 2374 Quod
882 2304 1006 2362 hicnon
1028 2324 1099 2379 epus
1121 2308 1166 2361 est

95 2385 235 2460 prolixius
256 2385 416 2443 estendere.
439 2384 490 2442 IV.
514 2384 637 2460 denique
658 2385 796 2455 videmus,
819 2404 960 2442 summum
975 2384 1048 2458 legis
1060 2383 1164 2442 divinae

96 2465 248 2540 praemium
269 2484 340 2535 esse,
361 2465 454 2540 ipsam
476 2467 578 2539 legem,
600 2485 703 2540 nempe
723 2467 825 2534 Deum,
848 2485 1030 2539 cognoscere,
1043 2484 1165 2540 eumque

95 2565 133 2603 ex
152 2565 224 2603 vera
244 2545 388 2616 libertate,
410 2550 440 2603 et
461 2546 557 2604 anime
577 2545 692 2620 integro
706 2550 735 2603 et
750 2551 909 2613 constante,
922 2565 1020 2603 amare
1031 2569 1037 2614 3
1050 2565 1163 2620 poenam

97 2631 205 2693 autem,
239 2627 340 2684 herum
372 2626 564 2701 privationem
586 2631 615 2683 et
636 2627 731 2684 carnis
753 2626 931 2696 servitutem,
954 2626 1015 2684 sive
1037 2625 1163 2683 animum

96 2706 309 2764 inconstantem
331 2710 360 2764 et
381 2707 578 2764 fluctuantem.

136 2787 190 2844 His
212 2787 252 2844 sic
273 2786 382 2844 notatis
402 2786 605 2861 inquirendum
624 2786 683 2860 jam
707 2792 759 2851 est,
775 2788 799 2844 I.
813 2807 880 2845 num
896 2786 1017 2844 Lumine
1031 2784 1165 2843 Naturali

96 2867 247 2941 concipere
278 2886 430 2942 pessumus
461 2868 563 2936 Deum,
596 2866 686 2924 veluti
707 2867 902 2941 legislatorem
925 2872 976 2925 aut
996 2865 1164 2942 principem,

95 2947 175 3022 leges
206 2947 369 3005 hominibus
400 2947 646 3021 praescribentem
679 2947 718 3004 ll.
750 2947 816 3021 quid
849 2948 937 3005 Sacra
958 2947 1108 3022 Scriptura
1129 2947 1164 3003 de

96 3027 217 3085 Lumine
238 3031 268 3085 et
287 3028 352 3101 lege
372 3028 428 3084 hac
449 3027 574 3085 naturali
596 3027 712 3098 deceat;
734 3028 789 3085 III.
813 3048 897 3103 quem
919 3028 956 3085 ad
976 3029 1062 3085 finem
1077 3046 1164 3083 eaere-

95 3107 200 3165 meniae
223 3107 289 3165 elim
310 3107 453 3165 institutae
474 3109 608 3177 fuerunt3
632 3108 684 3164 IV.
707 3109 839 3184 denique,
862 3108 928 3183 quid
943 3109 1051 3165 referat
1066 3125 1164 3164 sacras

95 3187 231 3246 historias
252 3187 333 3257 scire,
356 3193 386 3245 et
406 3187 448 3246 eis
469 3189 606 3245 credere?
628 3188 671 3245 De
692 3189 791 3263 primis
813 3190 924 3246 duobus
944 3189 974 3245 in
986 3188 1040 3244 hec
1051 3186 1162 3260 Capite,

96 3269 131 3326 de
151 3269 263 3327 duobus
283 3273 379 3326 autern
401 3268 508 3326 ultimis
529 3268 559 3325 in
580 3274 718 3342 sequente
739 3289 833 3343 agam.

136 3348 210 3418 Quid
232 3348 308 3415 circa
324 3351 457 3423 primane
478 3349 664 3406 statuendum
679 3349 725 3419 sit,
741 3349 824 3406 facile
839 3347 990 3406 deducitur
1004 3366 1039 3403 ex
1055 3350 1161 3402 natura

94 3428 254 3487 veluntatis
288 3429 350 3498 Dei,
374 3449 439 3504 quae
461 3449 478 3486 a
499 3429 554 3486 Dei
574 3430 722 3487 intellectu
744 3449 802 3486 nen
823 3427 878 3485 nisi
899 3430 1032 3500 respectu
1053 3429 1161 3482 nestrae

94 3509 227 3567 Rationis
258 3509 457 3583 distinguitur,
493 3510 548 3567 hec
569 3514 621 3580 est,
644 3509 697 3567 Dei
718 3511 854 3567 veluntas
875 3512 904 3565 et
924 3506 978 3564 Dei
999 3506 1162 3563 intellectus

93 3588 123 3646 in
151 3609 182 3647 se
214 3609 316 3647 revera
347 3609 434 3647 unum
466 3595 496 3647 et
526 3590 602 3647 idem
630 3594 706 3653 sunt,
732 3609 785 3647 nec
806 3588 1024 3662 distinguuntur
1044 3585 1100 3644 nisi
1120 3605 1162 3643 re·

95 3674 195 3744 speetu
216 3673 382 3728 uestrarum
397 3670 614 3744 cogitatienum,
630 3690 702 3744 quas
716 3671 751 3727 de
765 3668 817 3726 Dei
833 3668 981 3726 intellectu
996 3670 1161 3726 formamus

95 3749 227 3826 Exempli
260 3750 364 3825 gratia,
397 3771 461 3808 cum
483 3752 518 3808 ad
539 3752 594 3808 hec
615 3754 729 3807 tanturn
751 3749 935 3818 attendimus
959 3749 1035 3822 qued
1056 3751 1162 3804 natura

94 3829 244 3906 Trianguli
264 3831 295 3888 in
315 3835 422 3889 natura
435 3831 542 3889 Divina
557 3832 593 3888 ab
605 3835 713 3887 aeterne
726 3829 890 3887 continetur
901 3834 1037 3902 tanquam
1051 3832 1161 3885 aeterna
