2662 4298
384 351 793 411 rnnonoereo-ronmrcrxcar.
815 350 867 389 vu.
1124 331 1163 389 37

82 521 255 594 confitentur
276 538 378 589 emnee,
401 521 452 594 qui
466 527 546 578 ceree
560 493 725 578 ltlcccadri
737 520 933 593 scripseram
948 518 982 575 de
996 517 1040 574 lie
1054 518 1161 592 itaque,

82 603 157 660 aaut
187 601 333 676 placuerit
369 600 490 674 cuilibet,
524 601 671 658 existimet.
705 599 778 657 Haec
809 601 878 656 sunt
910 598 1000 656 verba
1031 594 1161 671 losephi,

83 680 206 757 ejusque
226 680 262 738 de
283 679 339 738 fide
360 678 564 739 miraculorum
582 678 730 754 judicium.

489 864 511 924 O
523 865 551 922 A
562 865 586 922 P
597 864 625 923 U
636 865 660 921 T
689 863 756 921 VH.

373 1052 417 1109 De
437 1051 678 1126 Interpretotioce
699 1050 870 1124 Scripturoe.

125 1237 267 1297 Omnibus
287 1236 318 1294 in
339 1255 388 1295 ore
410 1235 525 1312 quidem
547 1240 600 1306 est,
623 1236 742 1294 Sacram
764 1234 943 1310 Scripturam
960 1235 1082 1292 verbum
1096 1253 1159 1293 esse

83 1317 146 1389 Dei,
174 1318 250 1394 quod
272 1315 404 1376 homines
424 1336 524 1375 veram
545 1315 754 1375 beatitudinem
775 1315 822 1373 vel
843 1313 946 1373 salutis
966 1313 1045 1371 viam
1065 1315 1157 1373 docet.

80 1399 193 1458 -Verum
225 1417 257 1456 re
287 1396 353 1473 ipsa
373 1396 451 1456 aliud
472 1397 559 1472 plane
579 1395 724 1470 indicant;
746 1396 854 1470 vulgus
875 1393 951 1452 enim
972 1393 1044 1452 nihil
1064 1393 1159 1452 minus

81 1498 186 1539 curare
216 1477 342 1548 videtur,
375 1497 462 1553 quam
483 1497 521 1535 ex
542 1475 722 1536 documentis
744 1476 842 1534 Sacrae
864 1474 1022 1550 Scriptura
1043 1473 1157 1546 vivere;

81 1564 115 1618 ct
135 1577 235 1619 omnes
254 1559 316 1617 fere
337 1577 390 1616 sua
410 1561 573 1616 commenta
593 1576 646 1633 pro
667 1556 722 1615 Dei
742 1557 832 1615 verbo
850 1556 1003 1614 venditare
1017 1553 1158 1627 videmus,

83 1659 137 1699 nec
158 1638 237 1697 aliud
257 1638 383 1712 studere,
406 1657 492 1713 quam
514 1639 567 1696 sub
581 1641 728 1713 praetextu
742 1635 892 1712 religionis
907 1639 1029 1694 caeteros
1044 1654 1157 1710 cogere,

81 1724 116 1779 ut
147 1738 244 1779 secum
276 1717 413 1777 serebant.
436 1713 584 1788 Videmus,
606 1716 734 1794 inquam,
756 1717 920 1791 Theologos
941 1715 1078 1774 sollicitos
1098 1716 1158 1792 ple·

81 1819 204 1875 rumque
224 1798 322 1869 fuisse,
344 1799 485 1874 quomodo
507 1818 561 1857 sua
581 1797 721 1872 figmenta
742 1802 772 1856 et
788 1796 896 1872 placita
910 1815 946 1855 ex
960 1795 1051 1854 sacris
1063 1794 1157 1854 literis

80 1884 256 1955 extorquere
287 1882 415 1954 possent,
448 1882 477 1937 et
508 1877 607 1937 divina
641 1877 819 1937 authoritate
849 1875 971 1947 munire,
1000 1895 1053 1934 nec
1077 1875 1156 1935 aliud

79 1959 193 2019 minore
224 1979 288 2018 cum
321 1959 456 2034 scrupulo
485 1959 652 2034 majoreque
679 1978 745 2017 cum
765 1957 930 2016 temeritate
950 1975 1046 2031 agere,
1069 1972 1156 2032 quam

81 2039 250 2116 Scripturas
274 2038 336 2098 sive
358 2039 482 2114 Spiritus
503 2037 604 2098 Sancti
623 2043 750 2097 mentem
770 2035 976 2113 interpretari3
998 2039 1028 2094 et
1048 2035 1073 2094 ei
1093 2040 1155 2095 tum

80 2126 132 2180 'eos
152 2119 262 2196 aliquid
282 2118 420 2179 sollicitos
441 2120 538 2191 habet,
560 2122 685 2178 nonest
706 2119 782 2194 quod
803 2122 951 2189 verentur,
975 2136 1012 2175 ne
1033 2115 1156 2192 Spiritui

81 2201 191 2260 Sancto
222 2200 345 2275 aliquem
377 2219 504 2258 errorem
536 2200 680 2274 affingant
710 2202 740 2257 et
768 2218 786 2256 a
817 2197 867 2256 ria
887 2197 989 2256 salutis
1009 2198 1155 2267 aberrent,

80 2282 133 2340 sed
164 2300 201 2339 ne
230 2279 336 2339 erroris
357 2281 394 2338 ab
416 2279 481 2338 aliis
502 2280 721 2347 convincantur,
744 2283 833 2354 atque
846 2277 898 2335 ita·
915 2275 1035 2351 p'ropria
1055 2295 1154 2334 eorum

81 2364 137 2421 sub
168 2360 289 2437 pedibus
310 2360 409 2436 jaceat
429 2360 601 2430 authoritas,
624 2364 653 2418 et
675 2361 711 2418 ab
732 2357 796 2417 aliis
817 2361 1049 2416 contemnantur.
1072 2356 1155 2427 Quod

81 2441 108 2500 si
139 2440 273 2500 homines
302 2440 340 2511 id,
373 2441 449 2516 quod
480 2440 578 2499 verbis
609 2441 644 2498 de
676 2438 826 2514 Scriptura
850 2442 1004 2509 testantur,
1027 2456 1063 2494 ex
1085 2456 1155 2496 vero

80 2521 180 2581 animo
214 2520 351 2592 dicerent,
374 2525 436 2579 tum
457 2519 543 2579 aliam
563 2540 682 2596 prorsus
702 2519 822 2580 vivendi
840 2518 983 2578 rationem
1004 2518 1154 2590 haberent,

78 2621 178 2678 neque
211 2605 256 2659 tot
287 2600 438 2660 discordiae
467 2620 566 2659 eorum
597 2605 709 2659 mentes
737 2599 884 2674 agitarent
905 2617 998 2673 neque
1018 2601 1063 2656 tot
1083 2597 1156 2657 odiis

79 2685 239 2751 certarent,
272 2701 326 2740 nec
357 2685 418 2739 tam
443 2701 521 2740 coeca
542 2684 572 2739 et
591 2679 746 2739 temeraria
767 2679 924 2756 cupiditate
944 2678 1155 2754 interpretandi

79 2761 271 2839 Scripturam,
305 2781 440 2838 novaque
460 2761 491 2820 in
511 2760 662 2836 Religicne
683 2759 877 2835 excogitandi,
899 2764 1082 2830 tenerentur;
1104 2760 1154 2818 sed
1262 2784 1265 2793 ·

78 2847 184 2902 contra
214 2840 288 2900 nihil
317 2848 459 2918 tanquam
485 2841 642 2917 Scriptura
665 2841 826 2899 doctrinam
847 2839 983 2916 amplecti
1004 2839 1153 2909 auderent,

79 2923 157 2998 quod
188 2923 225 2980 ab
255 2921 320 2997 ipsa
351 2942 438 2998 quam
470 2921 627 2980 clarissime
663 2942 721 2980 non
752 2922 958 2990 edocerentur3
980 2924 1009 2977 et
1030 2919 1155 2995 denique

79 3002 216 3077 sacrilegi
246 3002 297 3073 illi,
329 3002 379 3077 qui
410 3001 588 3077 Scripturam
615 3001 747 3077 plurimis
766 3001 797 3060 in
816 3000 889 3060 locis
909 2999 1074 3059 adulterare
1095 3019 1154 3059 non

77 3087 150 3142 sunt
173 3081 269 3153 veriti,
292 3087 412 3141 atanto
434 3083 542 3141 scelere
563 3082 688 3141 maxime
709 3081 864 3151 cavissent,
885 3099 1046 3156 manusque
1067 3079 1152 3139 sacri·

79 3160 162 3238 legas
182 3165 219 3220 ab
241 3162 277 3220 iis
297 3162 514 3222 abstinuissent.
535 3163 577 3221 At
598 3162 716 3221 ambitio
737 3167 768 3220 et
787 3162 881 3220 scelus
900 3165 1015 3219 tantum
1035 3160 1153 3218 tandem

79 3246 247 3319 potuerunt,
269 3247 302 3301 ut
322 3243 436 3318 Religio
457 3262 516 3301 non
536 3247 597 3301 tam
618 3243 649 3301 in
667 3241 900 3318 obtemperandis
914 3240 1039 3316 Spiritus
1054 3239 1155 3298 Sancti

79 3322 269 3392 documentis,
302 3343 389 3399 quam
409 3323 440 3382 in
462 3323 649 3382 defendendis
669 3323 817 3381 hominum
838 3320 1007 3380 commentis
1028 3318 1084 3377 sita
1105 3319 1152 3391 sit,

78 3402 136 3463 imo
157 3408 191 3462 ut
212 3402 324 3477 Religio
346 3424 404 3463 non
425 3403 577 3474 charitate,
600 3404 650 3462 sed
672 3401 892 3461 disseminandis
913 3398 1062 3458 discordiis
1075 3398 1153 3458 iuter

78 3484 219 3555 homines,
245 3489 275 3542 et
300 3483 365 3542 odio
386 3483 587 3553 infensissimo,
610 3484 686 3560 quod
707 3483 781 3541 falso
802 3481 917 3541 nomine
937 3480 991 3538 zeli
1012 3478 1103 3538 divini
1123 3484 1153 3539 et

77 3563 208 3624 ardentis
239 3563 328 3622 studii
358 3565 541 3637 adumbrant,
573 3563 762 3639 propagando
794 3562 986 3621 contineatur.
1019 3560 1066 3618 Ad
1087 3562 1152 3619 haec

78 3646 155 3704 mala
186 3644 308 3703 accessit
340 3644 516 3720 superstiti0,
547 3664 612 3720 quae
634 3643 764 3701 homines
784 3643 938 3702 Rationem
959 3646 989 3700 et
1009 3641 1152 3700 Naturam

76 3730 263 3784 contemnere
295 3725 387 3795 docet,
421 3729 450 3783 et
480 3724 510 3783 id
541 3729 654 3783 tantum
687 3721 824 3781 admirari
855 3743 889 3781 ac
909 3721 1053 3793 venerari,
1075 3723 1152 3796 quod

75 3805 146 3864 huic
176 3804 293 3881 utrique
323 3810 483 3881 repugnat:
516 3825 605 3880 quare
630 3823 687 3861 non
708 3802 812 3861 mirum
833 3808 894 3874 est,
910 3803 986 3878 quod
1008 3801 1147 3872 homines,
