2662 4298
380 370 694 411 'innonocrcorourrrm
715 371 779 411 oar.
800 371 842 412 rx.
1106 354 1144 412 67

76 540 180 616 quibus
210 544 310 597 tamen
340 537 412 595 nihil
443 537 519 596 aliud
551 539 683 597 concludi
713 544 818 614 potest,
852 559 937 614 quam
964 540 1038 614 quod
1061 540 1147 616 hujus

76 620 171 680 Esaiae
204 616 381 676 narrationis
412 618 500 677 variae
533 619 671 677 lectiones
702 624 826 695 repertae
858 619 980 691 fuerint;
1006 619 1062 677 nisi
1083 620 1147 695 quis

25 760 28 765 ,
76 701 177 760 mallet
206 699 237 757 in
270 698 315 756 his
346 697 432 756 etiam
463 699 603 773 mysteria
633 699 785 758 somniare.
818 699 928 757 Deinde
953 699 1039 758 etiam
1061 705 1148 776 caput

77 781 210 840 ultimum
230 779 317 854 hujus
336 778 404 836 libri
424 778 454 835 in
468 779 487 835 J
490 779 601 838 eremias
613 799 676 855 cap.
689 779 798 846 ultimo,
812 781 859 851 39,
872 785 902 838 et
913 781 960 838 40.
973 780 1147 839 continetur.

78 862 227 919 Praeterea
238 879 300 934 cap.
318 860 344 916 7.
361 858 484 916 Samuel.
497 859 524 917 2.
538 859 569 917 in
579 859 644 918 libr.
659 863 684 918 1.
698 860 825 935 Paralip.
838 879 901 936 cap.
916 860 961 918 17.
974 861 1148 936 descriptum

77 940 253 1017 reperimus:
286 942 318 996 at
347 941 438 997 verba
470 939 559 997 variis
589 939 620 997 in
650 940 721 997 locis
752 941 823 998 adeo
852 940 973 998 mirifice
1000 942 1148 1000 mutata*

80 1020 345 1097 deprehenduntur,
376 1023 409 1076 ut
439 1019 573 1078 facillime
605 1020 801 1094 dignoscatur,
834 1021 896 1079 haec
917 1020 973 1078 duo
995 1021 1091 1096 capita
1112 1041 1149 1079 ex

79 1103 191 1160 duobus
225 1099 348 1157 diversis
376 1099 588 1174 exemplaribus
608 1100 738 1158 historiae
759 1099 882 1158 Natanis
905 1100 1056 1176 desumpta
1077 1121 1148 1160 esse.

78 1181 211 1257 Denique
243 1179 413 1254 genealogia
435 1180 547 1254 Regum
568 1180 705 1250 Idumeae,
729 1198 791 1256 quae
814 1181 938 1238 habetur
960 1180 1063 1239 Genea.
1086 1202 1149 1258 cap.

80 1263 128 1321 36.
151 1281 194 1319 ex.
215 1279 259 1318 vs
282 1259 330 1318 31.
342 1262 385 1330 **,
406 1259 507 1317 iisdem
529 1259 616 1318 etiam
636 1259 733 1318 verbis
744 1260 773 1317 in
784 1260 850 1318 libr.
864 1261 890 1318 1.
906 1260 1033 1335 Paralip.
1046 1280 1108 1336 cap.
1123 1263 1149 1319 1.

81 1341 240 1412 deducitur,
273 1359 337 1398 cum
369 1343 466 1397 tamen
500 1340 586 1416 hujus
617 1340 683 1398 libri
714 1341 864 1398 authorem
886 1359 929 1412 ea,
952 1361 1018 1416 quae
1039 1345 1149 1412 narrat,

79 1442 117 1480 ex
148 1421 211 1480 aliis
239 1419 384 1478 historicis
405 1419 540 1478 sumsisse
562 1425 684 1490 constat,
707 1440 766 1478 non
787 1440 856 1478 voro
877 1440 914 1478 ex
935 1420 981 1478 his
1002 1421 1150 1479 duodecim

78 1501 169 1572 libris,
202 1520 274 1575 quos
305 1501 410 1558 Hezrae
432 1500 592 1560 tribuimus
616 1501 712 1570 Quare
733 1520 791 1559 nou
813 1500 929 1559 dubium
951 1506 1003 1572 est,
1026 1500 1105 1577 quin,
1127 1500 1151 1558 si

79 1583 159 1658 ipsos
179 1582 351 1639 haberemus
372 1580 533 1650 historicos
556 1601 603 1638 res
623 1581 687 1656 ipsa
709 1581 817 1639 directe
838 1585 1002 1639 constaret:
1024 1582 1073 1639 sed
1085 1580 1152 1656 quia

81 1663 192 1731 iisdem,
225 1665 258 1718 ut
290 1660 358 1730 dixi,
389 1659 521 1719 destituti
553 1681 661 1732 sumna,
691 1661 722 1719 id
753 1661 836 1719 nobis
861 1666 975 1720 tantum
996 1666 1097 1731 restat,
1119 1666 1153 1719 ut

81 1743 160 1819 ipsas
171 1740 307 1799 historias
318 1740 530 1812 examinemus3
543 1761 646 1816 nempe
655 1761 753 1799 earum
762 1741 888 1800 ordinem
898 1746 927 1799 et
934 1741 1151 1811 connexionem,
1240 1773 1241 1776 =

82 1822 194 1881 variam
237 1821 447 1897 repetitionem,
489 1826 519 1879 et
550 1821 673 1896 denique
703 1821 734 1879 in
765 1842 906 1880 annorum
938 1822 1152 1898 computatione

85 1901 318 1978 discrepantiam,
341 1905 374 1959 ut
395 1901 430 1958 de
452 1901 569 1976 reliquis
588 1901 717 1976 judicare
738 1901 888 1977 possimus.

123 1983 182 2040 Eas
211 1981 318 2056 itaque,
347 1981 394 2039 vel
425 1980 527 2039 saltem
555 1982 726 2057 praecipuae,
758 1983 989 2058 perpendamus3
1012 1987 1041 2040 et
1061 1982 1153 2057 primo

84 2063 162 2121 illam
196 2063 280 2120 Judae
312 2065 341 2119 et
372 2062 486 2132 Tamar,
519 2082 605 2138 quam
636 2082 698 2137 cap.
732 2063 779 2120 38.
812 2061 915 2121 Gerros.
937 2062 1092 2120 historicus
1113 2062 1154 2120 sic

83 2162 204 2202 narrare
224 2141 334 2217 incipit,
361 2140 482 2216 Gontipit
496 2150 590 2200 cutem
611 2145 642 2200 iu
663 2144 711 2200 illo
732 2150 864 2217 tempore,
886 2150 918 2200 ut
939 2143 1035 2200 ι11111111
1056 2163 1074 2200 u
1094 2145 1155 2200 sctis

80 2224 224 2297 fratribus
244 2224 403 2281 discederet.
427 2223 509 2292 Quod
531 2227 644 2297 tempus
665 2222 827 2280 necessario
849 2223 1030 2280 referendum
1052 2227 1096 2279 est
1117 2222 1154 2279 ad

82 2303 159 2362 aliud
181 2306 240 2373 ***,
263 2303 298 2360 de
319 2322 374 2376 quo
395 2301 560 2360 immediate
580 2303 717 2378 loquutus
738 2307 797 2375 est3
820 2307 851 2360 at
872 2303 908 2359 ad
929 2303 967 2373 id,
990 2303 1025 2360 de
1047 2321 1103 2376 quo
1123 2301 1154 2358 in

83 2383 154 2443 Gen.
186 2381 350 2440 immediate
385 2382 491 2456 agitur,
523 2383 640 2440 minime
670 2382 772 2441 referri
802 2387 908 2459 potest.
936 2383 983 2440 Ab
1012 2401 1046 2440 eo
1067 2381 1152 2453 enim,

85 2483 186 2540 nempe
215 2483 232 2520 a
261 2482 316 2537 quo
346 2463 491 2539 Iosephus
519 2463 549 2521 in
576 2465 735 2540 AEgyptum
764 2465 867 2522 ductus
892 2462 955 2533 fuit,
987 2482 1154 2538 usquequo

85 2545 212 2602 Jacobus
240 2543 413 2600 Patriarcha
441 2564 504 2601 cum
533 2548 596 2601 tota
623 2544 732 2602 familia
764 2565 796 2603 eo
825 2544 913 2602 etiam
933 2545 1080 2620 profectus
1101 2548 1154 2613 est,

84 2644 142 2682 non
170 2624 235 2699 plus
264 2642 349 2697 quam
376 2622 483 2697 viginti
510 2625 581 2682 duos
609 2645 701 2682 annos
721 2645 873 2683 numerare
893 2644 1066 2700 possumus;
1088 2643 1155 2681 nam

85 2704 237 2779 Iosephus,
260 2723 324 2761 cum
347 2723 364 2761 a
384 2703 523 2762 fratribus
544 2706 728 2775 venderetur,
750 2705 944 2780 septendecim
966 2709 1156 2762 annosnatus

84 2789 155 2856 erat,
178 2787 208 2842 et
229 2803 292 2841 cum
315 2803 332 2840 a
354 2784 506 2842 Pharaone
528 2784 721 2842 coarceribus
736 2785 834 2843 vocari
847 2785 1004 2861 juberetur,
1017 2784 1153 2858 triginta:

85 2863 187 2940 quibus
208 2863 233 2922 si
253 2864 399 2921 addantur
412 2869 522 2938 septem
537 2865 606 2921 anni
620 2864 779 2922 fertilitatis
790 2870 820 2922 et
831 2866 886 2923 duo
898 2864 991 2934 famis,
1004 2864 1157 2922 conficient

86 2944 169 3017 simul
190 2943 295 3018 viginti
317 2944 388 3001 duos
410 2964 510 3002 annos
532 2944 631 3019 Atqui,
653 2945 708 3002 hoo
729 2944 868 3020 temporis
887 2945 1050 3014 intervallo,
1073 2964 1156 3001 nemo

88 3024 239 3100 concipere
261 3024 378 3099 poterit,
401 3028 445 3082 tot
466 3044 513 3082 res
534 3024 703 3098 contingere
717 3025 854 3100 potuisse.
866 3024 976 3099 Nempe
990 3025 1065 3098 quod
1080 3024 1158 3081 duda

86 3109 145 3163 tres
164 3104 271 3162 liberos
292 3124 329 3162 ex
350 3103 435 3162 unica
455 3124 555 3175 uxore,
578 3124 664 3179 quam
685 3108 747 3162 tum
768 3104 861 3173 duxit,
883 3124 972 3162 unum
993 3109 1059 3178 post
1071 3103 1158 3160 alium

87 3183 299 3260 procreaverit3
322 3204 443 3258 quorum
464 3185 556 3259 major
576 3189 656 3255 natu,
679 3184 728 3242 ubi
749 3204 801 3259 per
821 3189 937 3242 aetatem
951 3184 1040 3253 licuit,
1053 3184 1159 3240 Tamar

87 3265 117 3323 in
139 3284 260 3323 uxorem
281 3264 373 3335 duxit,
396 3284 429 3322 eo
450 3284 519 3322 vero
541 3273 654 3323 mortuo
676 3265 819 3322 secundus
831 3284 893 3322 eam
904 3263 934 3320 in
945 3262 1158 3321 matrimonium

89 3345 206 3421 recapit,
239 3344 288 3419 qui
319 3345 406 3402 etiam
438 3345 524 3415 ohiit;
556 3350 585 3403 et
614 3345 690 3420 quod
711 3345 817 3402 dudum
839 3348 990 3420 postquam
1012 3344 1073 3400 haec
1095 3347 1160 3400 acta

87 3430 163 3494 sunt,
195 3425 257 3500 ipse
286 3425 379 3483 Judas
400 3445 464 3482 curn
485 3425 548 3500 ipsa
569 3446 644 3483 nuru
666 3424 771 3482 Tamar
791 3424 913 3499 ignarus
934 3443 994 3480 rem
1015 3421 1159 3492 habuerit,

88 3526 126 3564 ex
148 3525 206 3581 qua
226 3504 332 3563 iterum
354 3506 434 3575 duca,
456 3525 513 3563 uno
534 3510 631 3563 tamen
643 3510 738 3581 partu,
750 3504 856 3563 liberos
867 3502 1026 3578 acceperit3
1039 3522 1160 3577 quorum

91 3586 178 3644 etiam
209 3605 283 3643 unus
313 3585 392 3643 intra
417 3585 586 3661 praedictum
614 3591 728 3661 tempus
754 3585 848 3642 factus
877 3588 921 3642 est
946 3603 1060 3659 parens.
1089 3583 1160 3641 Cum

87 3666 178 3741 igitur
207 3666 269 3724 haec
291 3665 387 3723 omnia
408 3685 466 3724 non
488 3671 609 3741 possunt
630 3665 732 3724 referri
753 3665 790 3722 ad
811 3665 881 3723 illud
902 3667 1024 3739 tempus
1047 3664 1082 3721 de
1103 3683 1160 3739 quo

120 3841 131 3866 *
150 3841 185 3888 Cf.
203 3844 296 3889 Annot.
314 3843 369 3889 XII.
465 3842 487 3863 ⁴*
503 3842 549 3888 Ed.
567 3844 621 3887 Pr.:
640 3841 677 3888 30.
785 3842 818 3862 ”⁴⁹
834 3841 873 3887 Cf.
892 3839 982 3887 Annot.
1000 3839 1071 3886 XIII.
