2662 4298
491 359 632 398 EPISTOLA
653 361 753 400 LXXVI.

333 553 357 610 E
368 571 386 610 P
397 572 408 610 1
419 572 433 610 s
444 572 460 609 1
471 564 487 609 ’0
500 572 516 610 n
527 573 546 610 A
569 553 692 611 LXXVI
712 556 790 628 (01111
806 557 908 626 111111).

470 687 653 743 Nodiliesiooo
675 687 780 744 Jooeoi

394 818 638 877 Anauaro
670 783 848 878 nuncu

554 953 588 1011 B.
609 972 638 1010 n.
661 953 689 1011 S.

578 1086 606 1144 S.
628 1087 663 1145 D.

344 1219 499 1294 Responsio
521 1221 560 1277 ool
581 1220 745 1293 Epistolom
767 1221 896 1279 LXVII.

127 1353 218 1424 Quod,
251 1354 287 1410 ab
316 1351 379 1409 aliis
399 1351 469 1408 mihi
491 1351 623 1421 relatum,
645 1352 762 1410 credere
784 1352 836 1410 vix
858 1358 1018 1428 potueram,
1041 1374 1078 1412 ex
1099 1355 1157 1413 tuis

85 1434 203 1491 tandem
240 1432 332 1490 literis
370 1431 517 1501 intellexi;
556 1431 690 1488 nimirum
721 1437 751 1489 te
783 1453 841 1490 non
872 1437 986 1491 tantum
1017 1435 1156 1494 Romanae

85 1512 221 1571 Ecclesiae
252 1514 412 1571 membrum
442 1512 584 1585 effectum,
617 1516 649 1569 ut
681 1511 731 1583 ais,
764 1513 814 1570 sed
846 1517 876 1571 et
903 1514 964 1589 ejus
985 1515 1156 1574 acerrimum

84 1598 330 1668 propugnatorem
359 1611 430 1663 esse,
457 1592 573 1667 jamque
602 1592 781 1663 maledicere,
804 1596 833 1650 ct
854 1594 1019 1668 petulanter
1038 1594 1069 1652 in
1090 1600 1156 1654 tuos
1193 1615 1195 1618 ’

85 1673 267 1731 adversarios
298 1672 469 1730 debacchari
501 1671 641 1730 didicisse.
674 1673 720 1729 Ad
752 1674 866 1731 easdem
887 1674 959 1732 nihil
980 1676 1155 1750 respondere

84 1773 299 1828 proposueram,
332 1751 419 1810 certis
450 1747 502 1809 tibi
533 1752 626 1826 magis
652 1772 724 1827 opus
751 1772 814 1811 esse
835 1754 973 1830 temporis
993 1775 1048 1814 usu
1069 1775 1154 1830 quam

85 1833 216 1908 Ratione,
248 1838 282 1891 ut
312 1833 349 1890 ad
380 1837 410 1890 te
441 1836 563 1907 tuosque
593 1832 774 1904 restituaris;
806 1838 840 1891 ut
868 1835 928 1909 jam
948 1839 1060 1894 taceam
1082 1837 1156 1894 alias

85 1933 196 1984 causas,
227 1933 298 1989 quas
329 1918 362 1970 tu
394 1911 460 1970 olim
492 1912 631 1988 probasti,
663 1914 777 1987 quando
810 1914 845 1971 de
874 1914 1041 1973 Stenonio*
1063 1917 1156 1992 (cujus

85 2014 163 2052 nunc
184 1993 308 2068 vestigia
329 1992 469 2067 sequeris)
491 2012 584 2051 sermo
604 1992 680 2050 inter
700 2012 754 2050 nos
774 1993 838 2052 fuit.
861 1994 916 2052 Sed
931 1995 1015 2053 amici
1029 1996 1153 2070 quidam,

83 2074 132 2148 qui
161 2093 199 2132 ex
226 2072 344 2148 egregia
372 2077 423 2131 tua
444 2072 539 2130 indole
560 2093 695 2148 magnam
718 2093 798 2148 spem
819 2093 930 2132 mecum
952 2081 1153 2151 conceperant,

81 2174 127 2212 mc
147 2173 327 2229 summopere
347 2157 498 2228 rogarunt,
520 2173 556 2211 ne
578 2152 661 2211 amici
682 2153 775 2212 officio
800 2154 938 2225 deessem,
962 2161 991 2213 01
1012 2156 1041 2213 id
1058 2156 1155 2232 potius

83 2234 252 2309 cogitarem,
288 2234 363 2310 quod
395 2253 488 2308 nuper
518 2233 616 2303 fueris,
649 2253 734 2309 quam
763 2235 838 2308 quod
866 2255 943 2293 nunc
970 2235 1018 2307 sis,
1047 2236 1155 2295 atalia

83 2314 266 2390 hujusmodi3
309 2313 412 2388 quibus
449 2313 566 2371 tandem
605 2314 746 2372 adductus
783 2334 846 2372 sum
882 2315 947 2373 haec
977 2336 1070 2391 pauca
1101 2316 1154 2375 tibi

83 2395 219 2460 scribere,
248 2393 334 2452 enixe
362 2414 478 2469 rogans,
504 2397 537 2451 ut
558 2394 656 2451 eadem
678 2413 760 2469 aequo
781 2395 877 2453 animo
897 2396 995 2470 legere
1016 2396 1152 2471 digneris.

121 2475 220 2549 Neque
255 2474 302 2532 hic
344 2474 530 2532 Sacerdotum
568 2478 598 2532 et
633 2473 805 2533 Pontificum
838 2474 917 2546 vitia,
951 2481 984 2534 ut
1015 2477 1152 2536 Ecclesiae

81 2557 221 2613 Romanae
244 2554 403 2613 adversarii
425 2555 527 2626 solent,
550 2556 683 2626 narrabo,
706 2574 761 2629 quo
782 2559 812 2613 tc
833 2557 869 2613 ab
890 2555 991 2614 iisdem
1013 2562 1152 2616 avertam.

82 2635 182 2693 Solent
213 2635 288 2693 enim
321 2635 385 2693 haec
416 2654 494 2710 saepe
525 2635 600 2692 malo
622 2654 659 2693 ex
680 2636 785 2693 affectu
806 2636 930 2711 vulgari,
952 2641 982 2694 et
1002 2638 1095 2713 magis
1116 2639 1153 2696 ad

81 2715 256 2774 irritandum
277 2735 362 2790 quam
384 2716 420 2773 ad
435 2716 594 2773 docendum
609 2715 720 2774 adduci.
733 2716 794 2774 Imo
806 2717 970 2787 concedam,
982 2717 1012 2775 in
1023 2719 1154 2777 Romana

80 2797 180 2871 plures
201 2795 322 2871 reperiri
343 2815 456 2870 magnae
477 2795 646 2854 eruditionis
667 2795 755 2866 vinea,
777 2800 806 2854 01
827 2800 957 2872 probatae
975 2798 1053 2870 vitae,
1066 2818 1152 2873 quam

80 2878 112 2933 111
150 2875 207 2934 alia
246 2895 416 2952 quacunque
455 2875 583 2932 Ecclesia
617 2875 799 2934 Christiana:
832 2877 929 2951 plures
960 2878 1035 2934 enim
1066 2879 1153 2953 hujus

80 2955 219 3014 Ecclesiae
241 2958 371 3014 membra
391 2976 455 3014 cum
478 2955 544 3026 sint,
566 2955 664 3030 plures
678 2954 764 3012 etiam
776 2955 971 3031 cujuscunque
982 2957 1152 3016 conditionis

118 3141 129 3167 *
149 3142 203 3189 Nic.
229 3141 349 3188 Stennnia
373 3141 390 3187 f.
409 3141 489 3198 (Niels
508 3140 635 3197 Stensan),
653 3154 718 3185 anno
737 3140 796 3186 1638
813 3141 920 3188 Havniae
937 3144 1021 3196 natus,
1037 3143 1151 3188 medicus

79 3206 104 3250 d.
125 3205 162 3251 21.
179 3219 211 3251 m.
224 3203 285 3250 Julii
297 3219 318 3250 a.
332 3203 542 3250 16661111111111111
555 3203 732 3248 Studiosorum
743 3203 1035 3260 Lugdunn-Batavornm
1046 3205 1151 3260 relatus,

78 3267 220 3313 trienninm
237 3267 263 3312 in
279 3267 417 3312 Hollandia
434 3266 547 3323 degerat.
564 3265 662 3310 Deinde
680 3278 746 3310 anno
765 3265 831 3311 1669.
844 3266 990 3322 Florentiae,
1002 3266 1046 3310 nbi
1057 3266 1151 3312 Lector

79 3333 136 3375 crat
160 3330 311 3386 Anatomioe,
335 3329 361 3373 in
387 3329 521 3374 ecclesiam
546 3327 813 3374 Romanocatholicam
838 3331 964 3386 receptus,
989 3341 1054 3373 anno
1082 3327 1150 3375 1615.

79 3392 205 3438 Sacerdos
229 3392 322 3450 sactus,
346 3394 406 3450 post
431 3391 545 3448 Spinozaa
569 3393 676 3435 mortem
702 3390 831 3435 vicarium
855 3391 1031 3448 Apostolicnm
1053 3391 1107 3448 egit
1123 3391 1150 3436 in

79 3454 218 3499 Germania
234 3454 353 3499 Inferinri
371 3457 397 3499 et
413 3453 502 3499 Danin.
520 3454 637 3498 Mortuus
654 3455 694 3498 est
705 3453 806 3499 Suerini
819 3466 840 3497 a.
852 3452 918 3497 1686.
927 3453 1062 3497 Florentia
1071 3453 1149 3512 scrip·

79 3520 134 3562 tum
152 3516 269 3562 ediderat
286 3519 375 3561 contra
392 3516 506 3574 Spinozae
523 3515 671 3560 Tractatum
690 3515 999 3573 Theologicopoliticnm,
1016 3528 1036 3560 0.
1054 3518 1072 3560 t.
1089 3516 1149 3573 Epi·

78 3579 143 3624 stolo
168 3579 202 3624 od
217 3592 284 3623 ooooe
297 3578 461 3636 philosophia
477 3578 665 3636 resoaanotorem
681 3576 769 3633 (1615),
787 3578 868 3634 deque
886 3591 932 3622 sna
948 3578 1029 3635 ipsius
1047 3591 1148 3623 conver-

78 3642 150 3686 sione
176 3642 230 3698 egit
253 3642 279 3686 in
297 3641 407 3699 epistola
424 3641 512 3696 altera,
530 3655 551 3686 a.
570 3640 637 3684 1680.
654 3640 796 3686 Hanoverae
813 3639 890 3690 edita,
906 3640 932 3684 in
950 3653 1008 3697 qua,
1025 3640 1062 3685 uti
1080 3641 1148 3686 etin

76 3704 157 3762 priori
184 3705 236 3759 illa,
259 3702 374 3762 Spinozae
391 3703 496 3762 eiusque
514 3703 669 3748 asseclarum
686 3702 835 3748 mentiofit.
853 3702 1009 3756 0111111111,
1032 3702 1087 3746 Vita
1104 3703 1149 3747 del.

75 3767 198 3823 Mopsion.
224 3766 309 3812 Nicolo
334 3766 437 3812 Stenone
462 3766 489 3810 ot
512 3765 672 3810 Donemorco
698 3765 820 3819 (Eirenze,
844 3763 930 3821 1111),
952 3768 978 3810 01
994 3777 1051 3822 quae
1069 3765 1150 3809 amica

75 3842 153 3874 manu
170 3829 304 3874 nobiscnm
322 3829 519 3874 communicavit
535 3829 573 3873 vir
590 3828 657 3873 doct.
674 3827 770 3872 Harald
786 3828 908 3885 Hdffding
924 3827 1085 3875 Hauniensis.

114 3909 154 3967 Π.
988 3907 1025 3965 27
