2662 4298
562 357 701 397 mussona
722 359 762 398 vr.
1136 340 1193 397 215

127 528 247 587 anobis
269 527 340 586 satis
361 527 486 602 conspici
508 531 617 603 queant
629 529 669 601 a).
691 527 782 584 Porro
803 531 899 591 motus
920 546 996 602 saepe
1018 526 1128 585 tardior
1140 531 1193 596 est,

127 614 160 667 ut
180 629 197 666 a
219 608 301 667 nobis
323 608 527 683 conspiciatur,
550 612 583 665 ut
604 627 639 665 ex
662 626 805 681 gnomone
826 611 856 664 et
877 609 980 665 umbra
1002 607 1075 665 Solis
1089 608 1117 681 d)
1139 608 1195 665 col·

126 690 217 764 ligere
248 708 409 763 possumus
442 693 471 746 et
501 686 659 763 saepissime
691 687 811 745 celerior
839 691 892 757 est,
914 706 999 762 quam
1020 691 1054 744 ut
1075 706 1093 744 a
1113 687 1196 746 nobis

127 769 322 844 conspiciatur
337 773 371 841 c),
403 773 437 825 ut
467 768 566 826 videre
596 771 641 825 est
671 767 701 825 in
732 768 859 843 fomento
885 767 987 842 ignito,
1010 768 1077 826 dum
1099 767 1196 843 aliqua

128 849 276 908 celeritate
308 848 487 906 circulariter
508 849 538 919 d)
570 852 717 918 movetur,
749 847 789 905 ibi
821 866 923 923 nempe
937 847 963 922 e)
992 847 1194 922 imaginamur,

128 935 241 1004 partem
262 929 384 1003 ignitam
405 929 434 986 in
457 928 589 986 omnibus
609 928 679 986 locis
691 930 724 1002 f)
746 927 927 1004 peripheriae,
949 947 1035 1002 quam
1049 932 1196 986 motusue

130 1009 273 1076 describit,
306 1009 469 1083 quiescere:
503 1028 623 1083 quorum
655 1028 758 1066 causas
771 1010 801 1084 9)
832 1007 879 1066 hic
910 1009 1069 1079 redderem,
1091 1007 1146 1066 nisi
1167 1006 1196 1065 id

130 1109 377 1165 supervacaneum
396 1089 565 1164 judicarem.
587 1089 726 1163 Denique,
748 1093 781 1147 ut
801 1089 856 1146 hoc
877 1087 970 1147 obiter
979 1090 1010 1163 d)
1026 1087 1128 1161 dicam,
1140 1088 1197 1146 suf-

130 1171 198 1239 ficit,
231 1171 267 1228 ad
297 1174 432 1228 naturam
462 1169 543 1227 fluidi
573 1168 603 1226 in
636 1188 742 1243 genere
765 1167 995 1243 intelligendum,
1017 1168 1099 1237 scire,
1122 1168 1197 1243 quod

133 1270 284 1325 possumus
311 1269 428 1307 manum
455 1254 585 1307 nostram
598 1251 619 1316 il
648 1253 729 1306 motu
749 1247 836 1307 fluido
856 1249 1075 1324 proportionato
1096 1267 1199 1306 versus

131 1350 231 1388 omnes
252 1335 351 1405 partes
376 1329 438 1388 sine
459 1330 518 1388 ulla
539 1329 705 1387 resistentia
725 1347 851 1399 movere,
866 1330 895 1398 lc)
916 1333 950 1387 ut
971 1327 1043 1386 satis
1063 1328 1198 1387 manifes-

131 1416 193 1468 tum
218 1415 263 1468 est
283 1410 326 1481 iis,
349 1410 398 1485 qui
418 1410 454 1468 ad
475 1409 615 1468 Nationes
635 1409 708 1479 illae,
731 1429 794 1484 quse
816 1408 966 1480 Naturam,
988 1407 1072 1467 utin
1093 1428 1123 1467 se
1144 1412 1198 1478 est,

131 1511 189 1549 non
221 1510 289 1548 vero
321 1495 354 1549 ut
384 1492 421 1548 ad
452 1510 568 1549 sensum
600 1490 758 1548 humanum
788 1489 919 1560 relatam,
948 1487 1105 1564 explicant,
1128 1487 1199 1546 satis

131 1572 296 1629 attendunt.
318 1570 419 1645 Neque
433 1572 463 1644 lo)
485 1571 550 1628 ideo
571 1570 647 1628 hanc
668 1569 818 1628 historiam
840 1575 979 1644 tanquam
1000 1568 1130 1627 inutilem
1153 1569 1199 1626 de·

132 1651 236 1726 spici03
259 1651 309 1709 sed
331 1655 441 1721 contra,
464 1651 488 1709 si
509 1651 545 1723 do
566 1669 741 1726 unoquoque,
751 1649 863 1725 liquore
874 1670 961 1726 quam
973 1648 1198 1721 accuratissime,

132 1737 161 1789 et
182 1751 294 1790 summa
314 1751 379 1789 cum
399 1731 489 1807 fidel)
510 1732 601 1802 fieret,
622 1731 714 1806 ipsam
729 1736 768 1801 m)
790 1729 972 1788 utilissimam
988 1729 1147 1805 judicarem
1164 1729 1201 1787 ad

132 1832 230 1869 eorum
245 1813 276 1885 n)
308 1811 468 1886 peculiares
499 1811 677 1869 differentias
691 1813 719 1885 o)
745 1810 981 1884 intelligendum
1007 1830 1070 1884 quae
1091 1829 1146 1875 res.
1168 1814 1202 1868 ut
1273 1816 1276 1821 '

132 1912 241 1950 summe
262 1891 433 1963 necessaria,
456 1891 588 1950 omnibus
608 1890 793 1966 Philosophia
813 1890 938 1949 maxime
959 1891 1150 1949 desideranda
1155 1896 1201 1965 p).

554 2098 592 2136 DE
614 2097 781 2137 FIRMITATE.
819 2088 822 2092 ¹

174 2269 198 2337 ἓ.
223 2268 248 2324 7.
297 2266 448 2324 (htlzoliois
470 2267 595 2324 Naturoe
616 2267 729 2342 lepidus
771 2265 824 2323 Est
839 2264 1046 2329 demonstratio
1061 2264 1201 2335 Cartesii3

134 2365 187 2404 nec
218 2346 301 2404 video
334 2346 375 2404 Ol.
408 2345 510 2404 Virum
543 2345 669 2421 aliquam
692 2345 848 2421 genuinam
870 2345 1143 2403 demonstrationem
1165 2347 1202 2402 ab

134 2425 338 2501 experimentis
348 2427 394 2484 vel
406 2425 657 2485 observationibus
668 2427 848 2501 desumptam
858 2424 889 2484 in
900 2425 1024 2484 medium
1038 2431 1065 2501 ql
1079 2425 1201 2484 adferre.

174 2507 268 2564 Multa
298 2505 345 2564 hic
374 2506 453 2564 etin
474 2508 661 2581 sequentibus
681 2510 865 2578 notaveram3
887 2506 936 2564 sed
957 2509 1059 2582 postea
1079 2504 1139 2564 vidi
1160 2505 1202 2563 el.

135 2587 237 2645 Virum
259 2607 289 2644 se
310 2587 404 2662 ipsum
426 2586 620 2662 corrigerer).

175 2668 259 2738 516.
271 2666 303 2742 s).
346 2669 385 2725 m
411 2669 494 2726 semel
520 2670 745 2744 quadrinpentas
773 2674 797 2725 et
818 2669 939 2744 triptota
960 2670 1044 2726 dunc.
1087 2665 1118 2724 Si
1138 2686 1203 2724 cum

134 2749 261 2822 pondere
283 2747 397 2821 argenti
418 2747 479 2807 vivi
500 2749 569 2805 tubo
590 2747 693 2806 inclusi
714 2749 888 2818 conferatur,
910 2747 1042 2824 proxime
1054 2747 1089 2804 ad
1102 2766 1203 2805 verum

135 2828 247 2902 pondus
259 2830 280 2900 t)
302 2828 422 2886 accedit.
444 2829 552 2886 Verum
565 2833 591 2897 o)
613 2829 677 2886 haec
699 2827 866 2887 examinare
876 2830 918 2902 n),
934 2832 967 2887 ut
977 2829 1007 2904 y)
1019 2827 1104 2885 simul
1114 2828 1203 2885 habe-

135 2913 210 2978 atur,
233 2908 325 2983 quoad
350 2908 413 2966 fieri
433 2912 538 2984 potest,
561 2907 635 2966 ratio
656 2907 733 2966 inter
754 2907 954 2982 impulsionem
965 2907 1041 2966 aeris
1052 2908 1089 2965 ad
1100 2907 1203 2976 latera,

136 2987 197 3045 sive
229 2989 386 3069 secundum
417 2989 521 3046 lineam
554 2987 707 3046 Horizonti
727 2988 904 3063 parallelum,
926 2992 956 3046 et
976 2987 1053 3046 inter
1073 2986 1152 3044 illam
1164 2988 1204 3062 p),

136 3195 348 3203 —-—.—

169 3328 193 3383 a)
212 3328 279 3372 clare
296 3329 492 3386 conspiciantur.
605 3328 626 3384 d)
644 3342 672 3373 en
689 3327 778 3373 rcrnbra
794 3328 863 3384 solla,
880 3328 929 3372 aive
944 3341 1072 3385 gnomone.

169 3392 189 3445 a)
208 3391 311 3436 celerior
327 3396 370 3447 est,
386 3396 414 3435 ut
430 3392 512 3436 videre
528 3396 572 3437 est.
644 3391 669 3447 d)
687 3391 786 3450 quando
804 3391 861 3436 circ.
879 3390 906 3435 nl
930 3390 971 3434 cel.
1046 3390 1067 3443 el
1085 3395 1143 3435 tunt.

167 3453 191 3511 f)
204 3454 314 3510 punctis.
384 3453 410 3510 9)
428 3455 501 3510 cujus
518 3455 556 3499 ret
572 3468 681 3500 corcram.
746 3453 780 3510 'hl
796 3453 873 3498 obiter
890 3453 971 3497 etiam.
1044 3454 1062 3498 ἰι
1079 3453 1099 3498 L
1119 3453 1205 3498 addit:

137 3517 165 3558 in
182 3516 265 3572 decido.
374 3515 426 3572 lclc)
445 3517 503 3562 Hoec
519 3530 580 3573 una,
596 3517 705 3576 inquam,
725 3515 859 3561 observatio
874 3519 995 3560 naturam
1011 3515 1085 3571 fluidi
1096 3528 1207 3573 prorsus

138 3577 240 3623 indicat.
264 3578 352 3623 Verum
368 3592 453 3638 neque.
549 3579 678 3637 llh‘quore
695 3592 793 3624 summa
810 3591 864 3624 cum
881 3591 950 3624 rura.
1030 3580 1064 3638 m)
1081 3592 1143 3624 entia.

175 3642 201 3698 n)
219 3642 350 3699 liquorum.
415 3641 437 3696 ol
450 3642 626 3699 proprietates.
679 3640 708 3700 p)
725 3640 918 3698 intelligendum,
935 3645 957 3685 ct
973 3641 1008 3698 etr
1024 3641 1205 3699 imperandum.

170 3705 193 3767 ql
210 3704 240 3748 L,
257 3704 354 3750 omittit
370 3705 397 3748 in
413 3705 526 3750 caedium.
622 3702 646 3761 r)
664 3717 738 3750 artam
754 3703 899 3749 sententiam
916 3704 1057 3749 correioase.
1129 3705 1151 3760 s)
1171 3703 1213 3752 15.⁴

172 3776 190 3827 t)
208 3767 241 3810 cd
257 3767 291 3810 id.
339 3768 361 3824 v)
385 3766 473 3812 Verum
490 3768 692 3824 operaepretium
709 3766 825 3812 drocarum
841 3766 899 3811 dccc.
939 3764 965 3822 tr)
982 3766 1030 3810 tali
1044 3766 1114 3810 ruodo
1130 3779 1207 3812 cram.

171 3837 223 3891 ψῃ)
241 3835 268 3876 ut
284 3830 352 3873 ratio
368 3844 422 3888 quie
439 3833 474 3875 cst
491 3831 557 3874 inter·
572 3830 630 3887 inrp.
648 3830 716 3874 adria
733 3829 766 3873 ad
783 3828 807 3880 1.,
826 3833 846 3872 et
862 3829 929 3873 inter
945 3842 1005 3874 enin.
1191 3840 1194 3845 ·
