2662 4298
545 355 683 394 urrsrom
704 355 786 394 xum.
1152 337 1212 396 349

135 523 210 598 quod
252 522 391 598 profecta,
425 521 489 597 ipso
524 521 654 582 Oartesio
688 523 809 594 fatente,
845 523 1090 599 comprehendere
1125 543 1210 582 nemo

136 607 241 678 potest.

174 683 266 741 Porro
297 683 362 740 haec
382 681 559 741 inevitabilis
579 703 676 741 rerum
697 683 856 742 necessitas
877 702 971 759 neque
991 684 1071 758 leges
1092 682 1208 741 divinas

133 782 227 838 neque
258 763 400 820 humanas
430 762 514 822 tollit.
545 763 620 821 Nam
651 764 822 822 documenta
853 764 982 835 moralia,
1004 764 1066 821 sive
1086 763 1208 822 formam

136 843 209 918 legis
240 845 276 901 ab
306 842 369 917 ipso
401 843 462 900 Deo
493 843 637 918 accipiant
667 843 730 902 sive
761 864 827 916 non,
850 844 949 902 divina
968 848 1066 902 tamen
1088 848 1157 901 sunt
1177 849 1209 902 et

134 923 282 994 salutaria,
305 927 335 980 et
355 922 380 980 si
400 923 515 994 bonum,
541 924 617 999 quod
638 943 676 981 ex
695 923 804 982 virtute
826 929 855 983 et
875 944 972 983 amore
994 924 1091 982 divino
1114 923 1207 1000 sequi-

135 1008 192 1074 tur,
215 1023 232 1060 a
254 1005 315 1061 Deo
338 1007 476 1077 tanquam
495 1003 590 1077 judice
612 1003 794 1078 accipiamue,
815 1005 862 1063 vel
884 1005 959 1080 quod
981 1023 1019 1062 ex
1032 1004 1207 1062 necessitate

134 1083 239 1141 divinae
261 1087 374 1141 naturae
396 1088 519 1155 emanet,
541 1103 599 1141 non
620 1089 775 1159 propterea
795 1084 889 1158 magis
903 1085 1063 1143 autminus
1077 1084 1205 1159 optabile

133 1163 204 1233 erit3
237 1168 272 1220 ut
302 1182 355 1221 nec
386 1167 488 1221 contra
518 1165 602 1233 male,
629 1184 694 1238 quae
716 1183 754 1222 ex
774 1164 858 1222 malis
879 1164 1013 1239 operibus
1034 1169 1203 1239 sequuntur,

132 1243 206 1311 ideo,
230 1242 297 1319 quia
318 1243 479 1302 necessario
501 1263 536 1302 ex
556 1243 656 1303 iisdem
678 1249 847 1318 sequuntur,
868 1245 963 1303 minus
977 1249 1047 1303 sunt
1059 1245 1205 1316 timenda;

133 1328 163 1380 et
195 1323 317 1399 denique
338 1323 399 1381 sive
421 1342 463 1394 ea,
485 1343 548 1398 quae
569 1323 691 1399 agimus,
713 1324 876 1383 necessario
896 1325 943 1382 vel
964 1324 1053 1383 libere
1074 1343 1206 1399 agamus,

133 1423 185 1477 spe
216 1407 314 1461 tamen
338 1408 389 1461 aut
409 1408 489 1461 metu
509 1404 648 1463 ducimur.
672 1404 767 1474 Quare
787 1405 861 1462 falso
882 1404 986 1475 afferit,
1008 1425 1052 1463 uie
1072 1412 1205 1475 statuere,

127 1486 283 1558 praeceptis
303 1491 388 1560 atque
408 1486 556 1542 mandatis
576 1486 688 1543 uallum
713 1487 838 1561 relinqui
858 1487 960 1555 locum,
982 1486 1029 1543 vel
1050 1489 1083 1542 ut
1103 1489 1206 1560 postea

132 1563 237 1638 pergit,
270 1567 346 1639 quod
375 1565 457 1622 uuila
487 1568 655 1639 exspectatio
683 1569 800 1640 prauui
829 1572 879 1624 aut
902 1584 994 1640 poeuoe
1015 1573 1062 1636 est,
1085 1567 1204 1641 quaudo

128 1644 191 1717 sato
224 1646 320 1701 omnia
351 1645 567 1716 adscribuntur,
589 1652 614 1703 et
634 1647 965 1704 ineuitabili-uecessitote
985 1648 1083 1703 ouiuia
1104 1665 1123 1703 a
1146 1646 1205 1703 Deo

131 1743 267 1781 emanare
289 1727 438 1782 statuitur.

173 1804 233 1862 Nec
265 1803 312 1862 hic
340 1805 400 1878 jam
433 1823 541 1879 quaere,
574 1825 626 1863 cur
645 1805 720 1864 idem
742 1805 789 1877 sit,
811 1807 857 1864 vel
878 1825 936 1864 non
956 1806 1080 1863 multum
1102 1805 1205 1864 discre-

131 1888 206 1958 pent
220 1887 245 1954 *‚
278 1889 416 1954 statuere,
448 1885 544 1943 omnia
574 1885 736 1944 necessario
758 1906 776 1944 a
796 1885 851 1944 Dei
871 1889 976 1943 natura
998 1905 1143 1957 emanare,
1166 1890 1204 1956 et,

131 1964 306 2022 Universum
320 1967 354 2000 ³⁶*
384 1966 477 2022 Deum
508 1985 587 2036 esse3
619 1967 669 2024 sed
701 1966 788 2024 velim
818 1970 852 2024 ut
883 1969 969 2027 notes
994 1984 1038 2036 ea,
1061 1985 1124 2040 quae
1145 1985 1204 2023 non

129 2043 224 2102 minus
245 2044 342 2103 odiose
362 2044 521 2119 subjungit.
542 2045 651 2121 Nempe
671 2066 715 2103 rue
736 2047 810 2120 uelle,
832 2048 973 2105 hominem
995 2047 1093 2104 debere
1103 2048 1205 2104 uirtuti

130 2144 247 2198 operare
278 2127 358 2196 dare,
390 2145 447 2184 uou
473 2134 597 2202 propter
621 2133 769 2201 praeopta
802 2133 827 2184 et
858 2127 943 2201 legem
966 2126 1029 2196 Dei,
1052 2133 1105 2184 aut
1124 2145 1203 2200 spem

123 2207 244 2279 proemii
262 2212 313 2262 aut
329 2224 427 2280 poeuoe
447 2214 561 2276 metum,
583 2208 640 2275 scol,
662 2213 710 2265 otc.
737 2205 818 2275 Quod
840 2205 961 2264 sanein
981 2225 1045 2263 meo
1062 2207 1203 2263 Tractatu

130 2284 231 2342 nullibi
253 2285 396 2361 reperies:
418 2287 469 2344 sed
490 2289 592 2344 contra
613 2285 682 2362 Cap.
704 2287 732 2344 4.
754 2305 889 2362 expresse
910 2285 980 2356 dixi,
995 2285 1083 2361 Legis
1097 2285 1203 2345 divinae

130 2364 203 2439 (quae
235 2366 327 2423 Menti
358 2369 466 2424 nostrae
498 2365 637 2425 divinitus
667 2366 806 2441 inscripta
837 2370 891 2438 est,
913 2370 946 2424 ut
967 2365 1037 2441 (lap.
1062 2367 1108 2424 12.
1131 2365 1203 2441 dixi)

129 2464 280 2518 summam,
303 2446 422 2521 ejusque
442 2465 584 2504 summum
605 2451 783 2522 praeceptum
804 2466 879 2518 esse,
899 2448 991 2505 Deum
1013 2450 1047 2504 ut
1061 2465 1203 2504 summurn

129 2527 235 2582 bonum
267 2545 384 2598 amare3
417 2545 520 2602 nempe
555 2546 613 2585 non
644 2546 682 2585 ex
713 2531 793 2585 metu
824 2527 947 2603 alicujus
968 2526 1101 2602 supplicii
1123 2526 1203 2599 (nam

129 2624 209 2662 amor
242 2625 279 2664 ex
310 2610 390 2664 metu
420 2606 488 2664 oriri
509 2607 631 2682 nequit),
654 2627 707 2666 nec
727 2627 789 2683 pree
810 2627 907 2666 amore
929 2608 1050 2665 alterius
1070 2606 1121 2677 rei,
1144 2626 1203 2682 qua

130 2685 268 2743 delectari
300 2686 430 2762 cupimus
461 2688 541 2761 (nam
571 2692 632 2745 turn
653 2707 712 2746 non
733 2692 793 2746 tam
813 2687 908 2763 ipsum
928 2689 1030 2758 Deum,
1054 2707 1141 2763 quam
1161 2686 1201 2757 id,

130 2766 206 2839 quod
238 2766 376 2841 cupimus
409 2769 598 2841 amaremus);
630 2772 727 2843 atque,
760 2769 835 2827 hanc
864 2767 958 2843 ipsam
988 2768 1081 2842 legem
1109 2768 1202 2829 Deum

128 2845 284 2921 Prophetis
315 2847 469 2920 revelasse,
500 2847 531 2904 in
562 2848 661 2905 eodem
694 2847 794 2923 Capite
825 2847 947 2906 ostendi.
973 2847 1012 2905 Et
1033 2848 1094 2906 sive
1115 2847 1202 2905 istam

126 2925 221 2999 legem
253 2926 308 2984 Dei
335 2926 411 3003 juris
441 2927 563 2985 formem
592 2927 711 3003 abipso
731 2929 793 2986 Deo
815 2927 960 3003 accepisse
981 2931 1117 3001 statuam,
1140 2926 1202 2984 sive

128 3006 205 3079 quod
235 3005 327 3082 ipsam
359 3006 517 3083 concipiam
548 3011 582 3064 ut
611 3008 722 3082 reliqua
752 3007 807 3065 Dei
828 3008 953 3078 decreta,
976 3027 1039 3081 quae
1062 3011 1201 3066 aeternam

126 3086 331 3145 necessitatem
363 3092 393 3145 et
423 3087 578 3145 veritatem
607 3087 770 3160 involvunt,
791 3088 920 3146 manebit
940 3086 1127 3145 nihilominus
1147 3086 1202 3144 Dei

128 3167 277 3226 decretum
297 3172 328 3225 et
348 3168 475 3226 salutare
497 3168 718 3239 documentum3
741 3173 771 3226 et
791 3167 853 3226 sive
873 3169 966 3225 Deum
988 3186 1080 3225 amem
1101 3165 1200 3237 libere,

128 3246 192 3304 sive
219 3267 257 3306 ex
277 3247 450 3306 necessitate
471 3247 525 3305 Dei
546 3247 662 3317 decreti,
684 3249 777 3306 Deum
798 3252 896 3306 temen
917 3248 1029 3319 amabo,
1052 3251 1081 3305 et
1102 3246 1201 3304 salvus

128 3346 187 3384 erc.
211 3326 307 3396 Quare
327 3328 473 3386 affirmare
494 3327 540 3385 hic
558 3328 619 3402 jam
639 3348 761 3403 possem,
782 3328 871 3386 istum
881 3325 1025 3385 hominem
1038 3346 1075 3385 ex
1086 3326 1202 3384 illorum

128 3426 234 3480 genere
276 3427 347 3478 esse,
384 3408 419 3465 de
451 3407 554 3482 quibus
584 3407 615 3465 in
645 3408 703 3466 fine
734 3428 806 3466 meae
837 3406 1023 3466 Praelationis
1055 3407 1122 3478 dixi,
1155 3426 1201 3465 me

127 3487 284 3559 malle*,*,
313 3493 347 3545 ut
374 3507 468 3546 meum
489 3486 594 3545 librum
614 3507 733 3563 prorsus
754 3488 946 3564 negligerent,
969 3507 1056 3563 quam
1078 3487 1200 3546 eundem

127 3586 273 3642 perverse,
306 3573 339 3626 ut
370 3567 466 3626 omnia
486 3568 588 3638 solent,
609 3568 828 3644 interpretando
848 3566 962 3626 molesti
982 3567 1050 3640 sint,
1073 3572 1110 3639 et,
1133 3568 1200 3625 dum

127 3647 182 3704 sibi
205 3648 278 3706 nihil
299 3653 430 3723 prosunt,
452 3647 517 3706 aliis
538 3647 642 3707 obsint.

159 3826 170 3846 ⁴
186 3824 228 3871 Sic
246 3830 272 3872 et
288 3827 394 3884 Autogr.
526 3825 555 3851 ⁶*
571 3827 714 3872 uniuersum
730 3828 820 3886 ipsam.
952 3827 992 3886 *p*
1009 3827 1073 3886 quod
1089 3825 1197 3871 mollem.
