2662 4298
486 346 625 385 urrerem
646 347 709 387 xvr.
1076 329 1133 388 245

57 532 244 590 nequaquam
276 512 471 587 acquiescere:
504 532 563 587 qua
592 513 627 570 de
658 531 690 571 re
721 512 789 571 alibi
817 512 930 571 dicendi
950 513 1048 571 locum
1068 513 1131 572 fore

59 592 176 651 asserit.

103 672 200 743 Petiit,
229 677 262 730 ut
284 677 313 730 te
336 692 479 747 rogarem,
502 692 540 731 an
561 672 747 748 suppeditare
766 672 823 748 ipsi
843 673 1008 748 exemplum
1030 673 1132 749 possis,

59 753 91 810 in
124 773 179 828 quo
211 753 267 810 duo
299 772 421 828 corpora
452 753 549 823 odora,
581 752 611 809 in
643 772 732 811 unum
764 752 899 823 conflata,
921 773 1027 829 corpus
1047 755 1133 829 plane

57 833 213 891 inodorum
245 832 372 904 (Nitrum
404 832 525 906 scihcet)
558 837 741 908 componant.
774 833 858 891 Tales
887 833 929 891 ait
949 853 1013 892 esse
1033 839 1133 910 partes

57 913 146 983 Nitri,
192 913 329 988 Spiritum
361 913 467 988 quippe
498 913 589 988 ipsius
619 913 799 972 teterrimum
833 932 972 988 spargere
1004 915 1131 985 odorem,

57 993 234 1068 Nitrumque
256 993 345 1051 lixum
368 994 455 1052 odore
476 1013 535 1052 non
557 992 684 1052 destitui.

104 1075 200 1148 Rogat
220 1094 315 1148 porro,
338 1077 371 1131 ut
392 1076 481 1148 probe
502 1073 674 1142 consideres,
696 1093 735 1131 an
754 1075 872 1149 probam
885 1072 1132 1133 instituerisinter

59 1154 184 1228 glaciem
215 1173 377 1229 aquamque
403 1173 468 1212 cum
490 1153 574 1212 Nitro
595 1153 715 1229 ejusque
736 1152 845 1230 Spiritu
866 1153 1129 1229 comparationem:

59 1253 126 1292 cum
158 1238 222 1291 tota
253 1233 361 1309 glacies
392 1254 450 1292 non
481 1233 536 1292 nisi
566 1233 596 1290 in
628 1253 733 1309 aquam
764 1233 937 1304 resolvatur,
966 1233 1130 1310 glaciesque

58 1314 191 1384 inodora,
224 1314 254 1371 in
286 1334 389 1389 aquam
421 1315 544 1389 relapsa,
575 1313 696 1372 inodora
725 1317 911 1390 permaneat3
934 1313 1131 1390 discrepantes
1230 1336 1232 1340 ⁴

58 1414 131 1453 vero
153 1394 308 1470 quahtates
328 1394 405 1453 inter
425 1393 501 1452 Nitri
522 1393 654 1469 spiritum
676 1394 793 1470 ejusque
813 1394 902 1452 salem
922 1394 1012 1452 fixum
1026 1395 1130 1470 reperi-

57 1479 161 1545 antur;
184 1474 227 1533 uti
248 1475 403 1533 Tractatus
424 1475 582 1550 impressus
603 1475 717 1533 abunde
738 1475 830 1532 docet.

101 1556 172 1614 Haec
204 1560 233 1613 et
264 1554 376 1625 similia,
408 1554 485 1613 inter
517 1554 715 1614 disserendum
746 1554 781 1612 de
812 1554 866 1614 hoc
888 1558 1070 1629 argumento,
1092 1557 1130 1614 ab

57 1635 173 1693 Illustri
204 1636 336 1693 Authore
369 1641 469 1694 nostro
500 1635 692 1710 accipiebam
725 1654 801 1711 quae,
822 1654 875 1710 per
894 1634 1039 1694 memoriae
1059 1654 1130 1695 meae

56 1714 297 1786 imbecillitatem,
329 1735 393 1773 cum
425 1716 516 1774 multa
543 1716 605 1791 ejus
625 1716 727 1774 fraude
748 1714 853 1791 potius,
876 1734 960 1790 quam
983 1715 1129 1775 existima·

57 1795 148 1865 tione,
171 1815 216 1853 me
237 1800 369 1871 repetere
389 1801 486 1854 certus
508 1815 579 1854 sum.
602 1796 673 1855 Cum
694 1797 730 1854 ‹le
750 1795 793 1854 rei
806 1814 918 1854 summa
932 1795 1128 1869 consentiatis,

57 1876 148 1934 nolim
169 1877 233 1933 haec
253 1875 376 1934 ulterius
396 1895 593 1951 exaggerare3
615 1876 713 1952 potius
734 1877 840 1934 author
853 1894 954 1943 essem,
966 1882 999 1934 ut
1009 1875 1127 1951 ingenia

53 1957 190 2032 jungatis
212 1960 333 2031 uterque
355 1957 391 2014 ad
406 1956 622 2032 Philosophiam
637 1955 792 2032 genuinam
804 1955 982 2032 solidamque
993 1956 1127 2015 certatim

57 2037 255 2094 excolendam.
278 2037 318 2094 Te
339 2036 480 2112 imprimis
500 2056 617 2095 monere
637 2036 706 2095 mihi
718 2037 763 2094 fas
775 2036 822 2107 sit,
834 2040 868 2094 ut
878 2035 1020 2112 principia
1031 2056 1127 2096 rerum

56 2136 112 2191 pro
144 2116 344 2174 Mathematici
374 2116 417 2174 tui
448 2116 557 2191 ingenii
589 2116 721 2175 acumine
741 2115 920 2175 consolidare
941 2135 1062 2192 pergas:
1084 2117 1128 2176 uti

57 2196 189 2254 Nobilem
210 2217 305 2254 meum
326 2196 448 2255 amicum
470 2196 604 2272 Boylium
625 2196 688 2254 sine
708 2216 790 2255 mora
811 2195 931 2272 pellicio,
953 2201 986 2254 ut
1005 2197 1126 2256 eandem

55 2276 265 2352 experimentis
286 2281 315 2335 et
337 2276 595 2348 observationibus
617 2276 725 2352 pluries
745 2281 775 2335 et
795 2280 931 2335 accurate
951 2276 1046 2347 factis,
1061 2297 1127 2335 con·

55 2358 153 2415 firmet
173 2357 363 2432 illustretque.
386 2357 484 2427 Vides,
506 2357 607 2416 Amice
628 2356 811 2418 charissime.
834 2356 901 2432 quid
923 2357 1033 2428 moliar,
1057 2357 1126 2433 quid

55 2437 191 2495 ambiam.
213 2437 290 2495 Novi
310 2442 456 2495 nostrates
476 2437 582 2496 hocin
603 2438 705 2513 Regno
727 2436 918 2513 Philosophos
938 2457 990 2496 suo
1011 2437 1125 2497 muneri

55 2517 277 2593 experimentah
298 2537 481 2594 nequaquam
502 2518 668 2589 defuturos;
690 2537 744 2576 nec
763 2517 858 2576 miuus
872 2537 1042 2593 persuasum
1053 2517 1124 2577 mihi

55 2599 158 2665 habeo,
192 2603 222 2656 te
254 2617 369 2674 quoque
399 2597 548 2673 provincia
568 2602 621 2657 tua
642 2597 778 2674 gnaviter
797 2597 1025 2675 perhmcturum,
1048 2597 1123 2674 quic·

56 2678 124 2753 quid
146 2678 307 2753 ogganniat
328 2679 373 2736 vel
395 2678 564 2737 criminetur
584 2679 646 2738 sive
667 2678 906 2756 Philosophorum
928 2679 1122 2738 siveTheolo·

56 2778 159 2832 gerum
191 2759 305 2833 vulgus
339 2759 408 2818 (lum
439 2759 531 2817 literis
552 2759 721 2836 praegressis
739 2759 799 2835 jam
820 2764 849 2818 te
870 2759 972 2818 fuerim
993 2759 1123 2835 pluribus

53 2839 92 2896 ad
126 2839 179 2896 hoc
211 2838 305 2914 ipsum
337 2840 479 2910 hortatus,
513 2859 590 2898 nunc
620 2859 666 2898 me
687 2838 821 2916 reprimo,
842 2839 1046 2898 ne-fastidium
1068 2839 1122 2898 tibi

55 2937 159 2977 creem.
192 2919 256 2977 Hoc
288 2919 389 2977 saltem
422 2925 490 2994 peto
518 2919 648 2991 ulterius,
671 2924 705 2978 ut
725 2939 905 2995 quaecunque
924 2939 1023 2978 eorum
1045 2919 1123 2996 typis

51 2999 113 3070 jam
134 2999 273 3057 mandata
288 3007 371 3070 sunt,
394 3019 457 3074 quae
478 2999 525 3057 vel
544 2999 576 3058 in
597 2999 758 3059 (lartesium
779 3019 810 3058 es
831 3004 1050 3070 commentatus,
1076 3000 1123 3059 vel

53 3098 93 3136 ex
113 3078 277 3137 intellectus
298 3078 342 3137 tui
362 3079 475 3137 scriniis
495 3079 620 3156 propriis
641 3079 832 3156 depromsisti,
844 3084 952 3154 quanto
964 3079 1043 3138 ocius
1053 3079 1123 3138 mihi

53 3159 253 3218 transmittere
274 3179 327 3234 per
347 3159 502 3218 Dominum
517 3159 678 3218 Serrarium
692 3159 829 3234 digneris.
842 3160 972 3219 Habebis
983 3179 1029 3218 me
1040 3163 1122 3218 tanto

53 3239 164 3297 arctius
184 3239 237 3298 tibi
259 3239 435 3311 devinctum,
457 3239 658 3316 intelhgesque
679 3239 782 3316 quavis
803 3240 872 3299 data
892 3239 1050 3310 occasione,
1076 3260 1122 3299 me

54 3339 118 3377 esse

674 3454 729 3512 Tui
749 3453 998 3513 &odiosissimum
1047 3473 1054 3485 ·

760 3560 857 3618 Hera.
889 3559 1079 3622 Oroeuauaa.

115 3666 233 3723 Londini,
250 3668 272 3713 l.
289 3667 397 3725 August.
418 3666 485 3713 1663,
