2662 4298
347 371 664 411 summersa—muner
684 373 749 412 ear.
773 373 837 411 vru.
1115 358 1154 417 65

78 549 182 616 antea,·
202 544 258 614 filii
277 550 373 600 autem·
395 543 493 600 Heaau
514 561 559 600 eoa
582 544 755 617 erpnlerunt
775 550 800 599 et
820 563 840 600 a
860 562 913 600 sno
935 552 1084 618 correpectn
1106 548 1152 604 de·

78 624 216 692 leverm,
238 630 264 680 et
284 625 343 680 loco
360 641 458 680 eornm
480 623 692 694 dubitaverunt,
715 626 799 681 sictut
820 624 912 680 Israel
928 625 997 697 lecit
1018 627 1051 682 iu
1070 630 1152 684 terra

77 721 139 760 auce
170 704 354 767 ltoereditatis,
389 723 476 777 qrcam
499 705 578 760 Deua
600 705 656 778 ipsi
678 705 764 761 dada.
790 703 923 778 Explicat
944 703 1053 762 scilicet
1074 725 1149 765 vers.

77 784 104 841 3.
139 787 171 840 et
203 785 230 841 4.
262 783 391 858 ejusdem
424 803 498 858 cap,
528 803 630 858 nempe
651 784 726 858 quod
747 789 876 842 montem
897 783 990 854 Sehir,
1014 785 1063 860 qni
1083 786 1150 845 filiis

78 863 180 920 Hesau
201 863 374 921 haereditate
395 869 527 934 venerat,
548 863 602 939 ipsi
623 883 689 921 eum
710 884 769 921 non
783 863 977 923 inhabitatum
992 883 1149 941 occupave-

75 947 155 1013 runt,
188 944 238 1001 scd
266 945 342 1018 quod
362 944 456 1018 ipsum
478 943 659 1010 invaserunt,
681 949 711 1001 et
731 943 860 1014 Horitas,
883 944 933 1020 qui
953 944 1048 1021 ipsum
1068 947 1149 1022 prius

75 1022 290 1090 inhabitabant,
311 1023 387 1094 inde,
409 1023 495 1082 sicuti
515 1024 657 1082 Israelitac
679 1029 888 1099 postmortem
911 1025 1001 1083 Masis
1015 1026 1148 1085 Kenaha·

74 1103 162 1172 nitas,
195 1104 424 1163 deturbaverant
449 1109 479 1162 et
500 1105 680 1163 deleverunt.
704 1105 759 1162 Per
780 1105 976 1179 parenthesim
998 1105 1084 1164 etiam
1106 1107 1147 1165 in·

74 1188 214 1242 seruntur
233 1184 331 1243 verbis
351 1185 441 1242 Masis
461 1204 537 1242 vers
561 1187 589 1256 6,
612 1187 638 1255 7,
660 1187 688 1249 8,
711 1190 741 1242 et
763 1186 790 1242 9.
812 1204 875 1260 cap.
900 1187 962 1255 10.;
977 1205 1060 1243 nemo
1072 1187 1147 1246 enim

73 1283 133 1321 non
165 1263 254 1335 videt,
286 1265 361 1340 quod
383 1285 457 1323 vera.
480 1266 518 1334 8.,
541 1265 591 1340 qui
611 1264 713 1340 incipit
733 1267 764 1322 ia
787 1267 833 1322 illo
857 1273 981 1339 terrrpore
1002 1270 1148 1340 separauit

72 1345 154 1402 Deua
184 1346 292 1403 tribum
322 1347 400 1414 Levi,
429 1344 593 1403 necessario
615 1347 718 1404 debeat
739 1345 841 1402 referri
862 1346 907 1403 ad.
930 1365 1004 1403 vers.
1029 1349 1065 1417 5,
1088 1366 1146 1405 non

72 1429 173 1482 atatem
205 1426 241 1483 ad
262 1430 384 1483 mortem
405 1425 562 1493 Aharonis,
584 1446 669 1500 quam
691 1425 771 1482 nulla
791 1423 849 1483 alia
869 1424 904 1483 de
926 1445 1014 1483 eausa
1035 1426 1146 1486 Hezras

72 1504 121 1562 hic
145 1504 302 1564 inseruisse
323 1505 448 1576 videtur,
471 1526 557 1580 quam
579 1506 647 1582 qnia
669 1507 764 1564 Moses
785 1505 815 1563 in
836 1508 890 1564 hac
912 1505 1079 1564 namatione
1099 1509 1145 1565 vi-

72 1584 136 1655 tuli,
160 1605 245 1661 quem
266 1586 390 1662 populus
411 1587 594 1656 adoraverat,
617 1586 733 1644 dixerat
756 1586 832 1655 (vide
853 1606 913 1662 cap.
936 1589 964 1644 9.
987 1606 1062 1645 vers.
1076 1588 1144 1660 20.),

70 1683 103 1722 se
134 1666 228 1724 Deum
259 1686 312 1742 pro
344 1667 482 1724 Aharone
505 1667 644 1724 oravisse.
667 1666 803 1742 Explicat
824 1667 935 1737 deinde,
959 1667 1035 1742 quod
1057 1668 1144 1741 Deus,

70 1763 105 1802 eo
126 1749 265 1822 tempore,
288 1747 323 1804 de
345 1767 402 1822 quo
424 1748 521 1804 Moses
544 1747 591 1805 hic
611 1746 747 1821 loquitur,
770 1746 876 1805 tribum
899 1747 969 1804 Levi
981 1748 1034 1805 sibi
1046 1748 1143 1822 elegit,

69 1829 104 1882 ut
125 1845 242 1884 causam
264 1826 421 1897 electionis,
443 1832 473 1885 et
494 1847 545 1884 cur
566 1827 679 1885 Levitae
701 1827 732 1884 in
753 1832 865 1902 partem
887 1827 1065 1886 haereditatis
1087 1848 1144 1888 uon

69 1905 181 1964 fuerint
211 1907 316 1976 vocati,
349 1908 531 1978 ostenderet;
564 1912 593 1965 et
624 1908 678 1965 hoc
709 1909 787 1965 facto
819 1907 916 1983 pergit
937 1906 1033 1966 verbis
1054 1909 1144 1968 Masis

69 1985 150 2043 filum
182 1985 310 2046 historiae
337 1987 484 2063 persequi.
507 1987 561 2045 His
582 1988 657 2045 adde
678 1987 745 2046 libri
765 1987 974 2062 praefationem,
996 1993 1026 2046 et
1047 1989 1143 2048 omnia

67 2064 133 2124 loca
164 2086 228 2142 quae
261 2068 296 2125 de
324 2070 405 2126 Mose
436 2069 466 2125 in
498 2068 585 2125 tertia
613 2087 738 2142 persona
769 2069 943 2143 loquuntur:
976 2072 1006 2125 ct
1036 2074 1143 2144 practer

69 2146 131 2204 haec
162 2147 218 2205 alia
247 2148 346 2218 multa,
369 2149 511 2223 quaejam
532 2168 549 2206 a
571 2148 653 2206 nobis
676 2148 808 2222 dignosci
829 2152 985 2221 nequeunt,
1008 2147 1070 2206 sine
1092 2151 1140 2207 du·

68 2225 124 2296 bio,
158 2232 191 2285 ut
222 2228 334 2286 facilius
366 2231 402 2286 ab
434 2229 597 2286 hominibus
623 2228 668 2285 sui
691 2229 748 2286 aevi
771 2227 996 2303 perciperentur,
1019 2228 1139 2300 addidit,

70 2307 116 2363 vel
147 2307 211 2365 aliis
232 2308 328 2366 verbis
348 2309 497 2384 expressit.
521 2309 559 2381 Si,
581 2308 709 2383 inquam,¹
732 2308 825 2384 ipsum
848 2307 937 2364 Masis
958 2307 1062 2365 librum
1084 2309 1138 2366 Le·

69 2386 115 2460 gis
136 2388 315 2457 haberemus,
338 2409 397 2446 non
418 2388 517 2446 dubito
541 2388 618 2463 quin,
642 2393 702 2446 tam
724 2388 753 2445 in
774 2387 871 2446 verbis
893 2407 978 2462 quani
999 2387 1029 2445 in
1039 2388 1139 2447 ordine

67 2472 98 2524 et
119 2468 279 2527 rationibus
300 2474 520 2544 praeceptorum,
543 2489 678 2543 magnam
702 2467 1135 2544 discrepantiamreperiremus.

68 2548 142 2605 Dum
175 2548 251 2606 enim
283 2550 374 2606 solum
396 2550 573 2623 Decalogum
595 2550 680 2625 hujus
703 2549 768 2607 libri
790 2570 854 2608 curn
876 2549 1022 2623 Decalogo
1044 2550 1137 2608 Exodi

68 2627 128 2690 (ubi
159 2629 222 2703 ejus
252 2630 374 2687 historia
404 2650 441 2687 ex
469 2631 599 2704 professo
621 2634 767 2700 narratur)
791 2631 915 2700 confero,
939 2649 1002 2687 aum
1025 2632 1061 2687 ab
1084 2631 1137 2689 hoc

67 2706 97 2764 in
119 2708 164 2765 his
185 2709 318 2768 omnibus
339 2711 503 2785 discrepare
525 2710 624 2768 video:
648 2716 782 2785 quartum
797 2710 872 2768 enim
890 2714 1066 2785 praeceptum
1079 2732 1137 2769 non

67 2791 182 2846 tantum
202 2789 258 2847 alio
281 2791 365 2848 modo
387 2791 554 2865 imperatur,
577 2791 627 2848 sed
648 2791 766 2865 insuper
781 2791 870 2849 multo
886 2790 1026 2864 prolixius
1038 2796 1136 2849 exton-

67 2867 160 2926 ditur:
194 2870 256 2944 ejus
287 2876 383 2929 autem
405 2871 479 2928 ratio
502 2873 538 2928 ab
560 2890 601 2938 ea,
626 2890 690 2945 quae
712 2871 742 2929 in
764 2871 908 2944 Decalogo
929 2870 1022 2928 Exodi
1044 2872 1135 2929 11111111-

67 2951 122 3015 tur,
145 2953 206 3006 toto
228 2951 299 3008 coelo
321 2951 474 3026 discrepat.
497 2951 629 3025 Denique
651 2951 729 3021 ordo,
753 2971 809 3025 quo
830 2950 877 3007 hic
898 2950 1036 3008 decimum
1059 2971 1134 3025 prae·

66 3033 181 3103 ceptum
201 3030 371 3104 explicatur,
394 3032 481 3088 etiam
504 3031 577 3088 alius
599 3035 651 3101 est,
674 3050 760 3104 quam
780 3030 811 3087 in
825 3031 934 3088 Exodo.
954 3031 1133 3104 Haecigitur,

66 3127 129 3166 curn
158 3110 205 3167 hic
226 3115 287 3169 tum
308 3111 337 3168 in
360 3111 423 3168 aliis
444 3111 524 3180 locis,
547 3115 580 3168 ut
598 3112 657 3186 jam
680 3110 748 3180 dixi,
770 3113 807 3168 ab
828 3111 924 3168 Hezra
944 3111 1023 3168 facta
1037 3111 1134 3169 existi·

64 3207 119 3257 mo,
142 3190 210 3263 quia
229 3190 255 3248 is
277 3193 385 3266 Legem
410 3192 458 3249 Dei
482 3191 645 3249 hominibus
667 3190 711 3248 sui
732 3189 870 3265 temporis
885 3190 1032 3264 explicuit,
1046 3197 1133 3265 atquc

64 3269 184 3343 proinde
216 3272 292 3329 hunc
313 3292 376 3329 esse
398 3272 516 3330 Librum
538 3271 626 3346 Legis
647 3271 700 3329 Dei
721 3273 758 3328 ab
780 3271 842 3345 ipso
864 3275 973 3328 ornatae
995 3275 1025 3327 et
1046 3271 1132 3344 expli·

64 3355 145 3408 eatae.
167 3351 205 3408 Et
226 3352 302 3409 hunc
323 3353 425 3410 librum
448 3352 584 3422 omnium,
606 3371 678 3427 quos
698 3351 792 3427 ipsum
813 3349 962 3424 scripsisse
983 3349 1052 3418 dixi,
1076 3350 1130 3425 pri·

62 3447 139 3487 11111111
170 3430 259 3489 brisse
284 3437 371 3508 puto,
395 3433 471 3507 quod
493 3433 561 3490 hinc
583 3431 712 3506 conjicio,
735 3431 803 3506 quia
823 3431 917 3504 Leges
938 3428 1045 3488 Patriae
1066 3450 1131 3488 con·

62 3509 144 3580 tinet,
176 3511 281 3586 quibus
309 3513 432 3588 populus
453 3512 578 3570 maxime
600 3512 720 3586 indiget,
743 3516 772 3569 et
794 3510 880 3569 etiam
903 3509 971 3586 quia
992 3509 1038 3567 hic
1059 3510 1132 3570 libor

62 3591 244 3649 antecedenti
265 3593 343 3650 nulla
365 3593 576 3668 conjunctione,
599 3597 632 3650 ut
652 3591 753 3665 reliqui
775 3610 882 3659 amaea,
895 3590 1067 3660 annectitur,
1080 3593 1130 3650 sed

61 3669 156 3728 soluta
187 3672 316 3730 oratione
347 3673 458 3749 incipit,
492 3672 566 3730 Hoec
597 3680 664 3731 sunt
693 3673 778 3729 aerbo
799 3669 900 3740 Mesia,
923 3679 970 3729 etc.
992 3671 1033 3729 At
1054 3678 1129 3746 post·

60 3769 146 3824 quarn
178 3752 254 3811 hunc
284 3753 410 3811 absolvit
441 3759 471 3812 et
501 3753 636 3828 populum
669 3753 748 3825 leges
776 3751 898 3821 edocuit,
920 3756 981 3809 tum
1003 3752 1129 3809 studium

58 3830 224 3890 adhibuisse
255 3834 340 3891 credo
372 3835 407 3890 ad
437 3833 581 3908 integram
612 3831 761 3890 historiam
784 3833 914 3892 Hebraeae
936 3831 1062 3890 nationis
1083 3833 1127 3890 dc·

99 3910 139 3969 ΙΙ.
989 3911 1007 3970 5
