<?xml version="1.0" encoding="UTF-8"?>
<!DOCTYPE html PUBLIC "-//W3C//DTD XHTML 1.0 Transitional//EN"
    "http://www.w3.org/TR/xhtml1/DTD/xhtml1-transitional.dtd">
<html xmlns="http://www.w3.org/1999/xhtml" xml:lang="en" lang="en">
 <head>
  <title>
</title>
<meta http-equiv="Content-Type" content="text/html;charset=utf-8" />
  <meta name='ocr-system' content='tesseract 3.04.00' />
  <meta name='ocr-capabilities' content='ocr_page ocr_carea ocr_par ocr_line ocrx_word'/>
</head>
<body>
  <div class='ocr_page' id='page_1' title='image "./operaquotquotre00landgoog_0355.png"; bbox 0 0 2662 4298; ppageno 0'>
   <div class='ocr_carea' id='block_1_1' title="bbox 127 340 780 397">
    <p class='ocr_par' dir='ltr' id='par_1_1' title="bbox 127 340 780 397">
     <span class='ocr_line' id='line_1_1' title="bbox 127 340 780 397; baseline -0.006 0"><span class='ocrx_word' id='word_1_1' title='bbox 127 340 189 397; x_wconf 75' lang='lat'>356</span> <span class='ocrx_word' id='word_1_2' title='bbox 542 356 681 394; x_wconf 64' lang='lat' dir='ltr'>marona</span> <span class='ocrx_word' id='word_1_3' title='bbox 700 355 780 394; x_wconf 78' lang='lat' dir='ltr'>mu</span> 
     </span>
    </p>
   </div>
   <div class='ocr_carea' id='block_1_2' title="bbox 123 521 1217 3167">
    <p class='ocr_par' dir='ltr' id='par_1_2' title="bbox 123 521 1214 3001">
     <span class='ocr_line' id='line_1_2' title="bbox 125 521 1202 598; baseline 0.003 -18"><span class='ocrx_word' id='word_1_4' title='bbox 125 528 215 593; x_wconf 88' lang='lat' dir='ltr'>tuam,</span> <span class='ocrx_word' id='word_1_5' title='bbox 235 542 322 598; x_wconf 86' lang='lat' dir='ltr'>quam</span> <span class='ocrx_word' id='word_1_6' title='bbox 342 528 440 580; x_wconf 86' lang='lat' dir='ltr'>tamen</span> <span class='ocrx_word' id='word_1_7' title='bbox 460 522 547 580; x_wconf 83' lang='lat' dir='ltr'>credo</span> <span class='ocrx_word' id='word_1_8' title='bbox 567 530 597 580; x_wconf 86' lang='lat' dir='ltr'>te</span> <span class='ocrx_word' id='word_1_9' title='bbox 616 522 691 579; x_wconf 78' lang='lat' dir='ltr'>satis</span> <span class='ocrx_word' id='word_1_10' title='bbox 708 521 786 580; x_wconf 79' lang='lat' dir='ltr'>clare</span> <span class='ocrx_word' id='word_1_11' title='bbox 808 523 1002 597; x_wconf 75' lang='lat' dir='ltr'>exposuisse</span> <span class='ocrx_word' id='word_1_12' title='bbox 1024 526 1202 597; x_wconf 70' lang='lat' dir='ltr'>olnonsat&#39;u</span> 
     </span>
     <span class='ocr_line' id='line_1_3' title="bbox 126 602 1202 681; baseline 0.003 -20"><span class='ocrx_word' id='word_1_13' title='bbox 126 603 242 680; x_wconf 57' lang='lat' dir='ltr'>merui</span> <span class='ocrx_word' id='word_1_14' title='bbox 262 602 413 678; x_wconf 88' lang='lat' dir='ltr'>potuerim.</span> <span class='ocrx_word' id='word_1_15' title='bbox 436 602 542 660; x_wconf 85' lang='lat' dir='ltr'>Preoor</span> <span class='ocrx_word' id='word_1_16' title='bbox 561 602 668 677; x_wconf 78' lang='lat' dir='ltr'>itaque.</span> <span class='ocrx_word' id='word_1_17' title='bbox 689 612 723 659; x_wconf 88' lang='lat' dir='ltr'>ut</span> <span class='ocrx_word' id='word_1_18' title='bbox 741 602 779 659; x_wconf 80' lang='lat' dir='ltr'>ad</span> <span class='ocrx_word' id='word_1_19' title='bbox 800 602 868 660; x_wconf 82' lang='lat' dir='ltr'>lraeo</span> <span class='ocrx_word' id='word_1_20' title='bbox 891 623 1001 678; x_wconf 77' lang='lat' dir='ltr'>panon</span> <span class='ocrx_word' id='word_1_21' title='bbox 1016 605 1093 663; x_wconf 83' lang='lat' dir='ltr'>milri</span> <span class='ocrx_word' id='word_1_22' title='bbox 1105 625 1202 681; x_wconf 68' lang='lat' dir='ltr'>reapon-</span> 
     </span>
     <span class='ocr_line' id='line_1_4' title="bbox 124 682 1203 757; baseline 0.003 -16"><span class='ocrx_word' id='word_1_23' title='bbox 124 685 194 742; x_wconf 88' lang='lat' dir='ltr'>dere</span> <span class='ocrx_word' id='word_1_24' title='bbox 215 703 273 740; x_wconf 93' lang='lat' dir='ltr'>uon</span> <span class='ocrx_word' id='word_1_25' title='bbox 294 683 426 757; x_wconf 85' lang='lat' dir='ltr'>graveris</span> <span class='ocrx_word' id='word_1_26' title='bbox 436 687 460 751; x_wconf 74' lang='grc'>*,</span> <span class='ocrx_word' id='word_1_27' title='bbox 483 683 627 751; x_wconf 83' lang='lat' dir='ltr'>videlicet,</span> <span class='ocrx_word' id='word_1_28' title='bbox 648 703 686 740; x_wconf 89' lang='lat' dir='ltr'>an</span> <span class='ocrx_word' id='word_1_29' title='bbox 707 682 792 739; x_wconf 80' lang='lat' dir='ltr'>aliam</span> <span class='ocrx_word' id='word_1_30' title='bbox 814 683 922 740; x_wconf 81' lang='lat' dir='ltr'>eredis</span> <span class='ocrx_word' id='word_1_31' title='bbox 936 704 1011 742; x_wconf 73' lang='lat' dir='ltr'>oese</span> <span class='ocrx_word' id='word_1_32' title='bbox 1026 705 1156 757; x_wconf 77' lang='lat' dir='ltr'>oausam,</span> <span class='ocrx_word' id='word_1_33' title='bbox 1168 707 1203 744; x_wconf 90' lang='lat' dir='ltr'>cur</span> 
     </span>
     <span class='ocr_line' id='line_1_5' title="bbox 123 763 1203 842; baseline 0.004 -21"><span class='ocrx_word' id='word_1_34' title='bbox 123 765 155 821; x_wconf 86' lang='lat' dir='ltr'>in</span> <span class='ocrx_word' id='word_1_35' title='bbox 175 763 317 821; x_wconf 86' lang='lat' dir='ltr'>vitrorum</span> <span class='ocrx_word' id='word_1_36' title='bbox 338 770 476 838; x_wconf 78' lang='lat' dir='ltr'>apertura</span> <span class='ocrx_word' id='word_1_37' title='bbox 495 763 577 838; x_wconf 79' lang='lat' dir='ltr'>parci</span> <span class='ocrx_word' id='word_1_38' title='bbox 595 782 660 820; x_wconf 54' lang='lat' dir='ltr'>ome</span> <span class='ocrx_word' id='word_1_39' title='bbox 679 763 828 833; x_wconf 54' lang='lat' dir='ltr'>deminus,</span> <span class='ocrx_word' id='word_1_40' title='bbox 850 782 950 837; x_wconf 77' lang='lat' dir='ltr'>quam</span> <span class='ocrx_word' id='word_1_41' title='bbox 975 766 1052 840; x_wconf 88' lang='lat' dir='ltr'>quia</span> <span class='ocrx_word' id='word_1_42' title='bbox 1074 767 1155 836; x_wconf 89' lang='lat' dir='ltr'>radii,</span> <span class='ocrx_word' id='word_1_43' title='bbox 1167 767 1203 842; x_wconf 84' lang='lat' dir='ltr'>qui</span> 
     </span>
     <span class='ocr_line' id='line_1_6' title="bbox 123 842 1203 920; baseline 0.004 -19"><span class='ocrx_word' id='word_1_44' title='bbox 123 864 162 902; x_wconf 80' lang='lat' dir='ltr'>ex</span> <span class='ocrx_word' id='word_1_45' title='bbox 193 863 250 900; x_wconf 93' lang='lat' dir='ltr'>uno</span> <span class='ocrx_word' id='word_1_46' title='bbox 282 852 389 918; x_wconf 78' lang='lat' dir='ltr'>puncto</span> <span class='ocrx_word' id='word_1_47' title='bbox 420 843 550 911; x_wconf 78' lang='lat' dir='ltr'>veniunt,</span> <span class='ocrx_word' id='word_1_48' title='bbox 578 863 637 900; x_wconf 92' lang='lat' dir='ltr'>non</span> <span class='ocrx_word' id='word_1_49' title='bbox 664 842 695 900; x_wconf 94' lang='lat' dir='ltr'>in</span> <span class='ocrx_word' id='word_1_50' title='bbox 715 842 773 900; x_wconf 86' lang='lat' dir='ltr'>alio</span> <span class='ocrx_word' id='word_1_51' title='bbox 793 854 946 901; x_wconf 82' lang='lat' dir='ltr'>accurare</span> <span class='ocrx_word' id='word_1_52' title='bbox 968 853 1100 920; x_wconf 87' lang='lat' dir='ltr'>puncto,</span> <span class='ocrx_word' id='word_1_53' title='bbox 1122 848 1203 905; x_wconf 86' lang='lat' dir='ltr'>sediu</span> 
     </span>
     <span class='ocr_line' id='line_1_7' title="bbox 123 922 1204 1003; baseline 0.006 -23"><span class='ocrx_word' id='word_1_54' title='bbox 123 923 256 999; x_wconf 79' lang='lat' dir='ltr'>spatiolo,</span> <span class='ocrx_word' id='word_1_55' title='bbox 276 923 352 997; x_wconf 90' lang='lat' dir='ltr'>quod</span> <span class='ocrx_word' id='word_1_56' title='bbox 372 930 511 998; x_wconf 88' lang='lat' dir='ltr'>punctum</span> <span class='ocrx_word' id='word_1_57' title='bbox 532 923 732 980; x_wconf 78' lang='lat' dir='ltr'>liechanicum</span> <span class='ocrx_word' id='word_1_58' title='bbox 742 922 896 997; x_wconf 75' lang='lat' dir='ltr'>appellare</span> <span class='ocrx_word' id='word_1_59' title='bbox 907 925 1062 989; x_wconf 78' lang='lat' dir='ltr'>solemus,</span> <span class='ocrx_word' id='word_1_60' title='bbox 1079 928 1155 1003; x_wconf 92' lang='lat' dir='ltr'>quod</span> <span class='ocrx_word' id='word_1_61' title='bbox 1165 947 1204 1002; x_wconf 87' lang='lat' dir='ltr'>pm</span> 
     </span>
     <span class='ocr_line' id='line_1_8' title="bbox 123 1003 1205 1079; baseline 0.003 -18"><span class='ocrx_word' id='word_1_62' title='bbox 123 1004 236 1062; x_wconf 83' lang='lat' dir='ltr'>ratione</span> <span class='ocrx_word' id='word_1_63' title='bbox 256 1010 401 1078; x_wconf 76' lang='lat' dir='ltr'>aperturae</span> <span class='ocrx_word' id='word_1_64' title='bbox 421 1004 516 1078; x_wconf 84' lang='lat' dir='ltr'>majus</span> <span class='ocrx_word' id='word_1_65' title='bbox 535 1009 586 1061; x_wconf 89' lang='lat' dir='ltr'>aut</span> <span class='ocrx_word' id='word_1_66' title='bbox 607 1003 703 1060; x_wconf 82' lang='lat' dir='ltr'>minus</span> <span class='ocrx_word' id='word_1_67' title='bbox 721 1010 776 1071; x_wconf 71' lang='lat' dir='ltr'>eet,</span> <span class='ocrx_word' id='word_1_68' title='bbox 796 1012 1038 1078; x_wconf 77' lang='lat' dir='ltr'>congregentur</span> <span class='ocrx_word' id='word_1_69' title='bbox 1052 1009 1095 1079; x_wconf 83' lang='lat' dir='ltr'>b).</span> <span class='ocrx_word' id='word_1_70' title='bbox 1112 1008 1205 1066; x_wconf 81' lang='lat' dir='ltr'>Deinde</span> 
     </span>
     <span class='ocr_line' id='line_1_9' title="bbox 125 1083 1206 1159; baseline 0.005 -18"><span class='ocrx_word' id='word_1_71' title='bbox 125 1104 206 1159; x_wconf 91' lang='lat' dir='ltr'>rogo,</span> <span class='ocrx_word' id='word_1_72' title='bbox 243 1103 312 1142; x_wconf 92' lang='lat' dir='ltr'>num</span> <span class='ocrx_word' id='word_1_73' title='bbox 346 1084 439 1141; x_wconf 72' lang='lat' dir='ltr'>lentes</span> <span class='ocrx_word' id='word_1_74' title='bbox 472 1083 539 1149; x_wconf 81' lang='lat' dir='ltr'>illae,</span> <span class='ocrx_word' id='word_1_75' title='bbox 570 1103 644 1158; x_wconf 85' lang='lat' dir='ltr'>quas</span> <span class='ocrx_word' id='word_1_76' title='bbox 675 1083 844 1158; x_wconf 80' lang='lat' dir='ltr'>pandochas</span> <span class='ocrx_word' id='word_1_77' title='bbox 876 1103 989 1149; x_wconf 68' lang='lat' dir='ltr'>roms.</span> <span class='ocrx_word' id='word_1_78' title='bbox 1026 1088 1087 1145; x_wconf 88' lang='lat' dir='ltr'>hoc</span> <span class='ocrx_word' id='word_1_79' title='bbox 1120 1088 1206 1146; x_wconf 79' lang='lat' dir='ltr'>vitium</span> 
     </span>
     <span class='ocr_line' id='line_1_10' title="bbox 124 1162 1205 1243; baseline 0.005 -21"><span class='ocrx_word' id='word_1_80' title='bbox 124 1164 289 1238; x_wconf 75' lang='lat' dir='ltr'>corrigant,</span> <span class='ocrx_word' id='word_1_81' title='bbox 311 1165 364 1221; x_wconf 88' lang='lat' dir='ltr'>hoc</span> <span class='ocrx_word' id='word_1_82' title='bbox 384 1170 439 1225; x_wconf 67' lang='lat' dir='ltr'>eet,</span> <span class='ocrx_word' id='word_1_83' title='bbox 460 1183 499 1220; x_wconf 91' lang='lat' dir='ltr'>an</span> <span class='ocrx_word' id='word_1_84' title='bbox 519 1176 547 1233; x_wconf 79' lang='lat' dir='ltr'>c)</span> <span class='ocrx_word' id='word_1_85' title='bbox 568 1169 707 1238; x_wconf 83' lang='lat' dir='ltr'>punctum</span> <span class='ocrx_word' id='word_1_86' title='bbox 728 1162 951 1235; x_wconf 78' lang='lat' dir='ltr'>mechanicum,</span> <span class='ocrx_word' id='word_1_87' title='bbox 968 1166 1040 1224; x_wconf 81' lang='lat' dir='ltr'>sire</span> <span class='ocrx_word' id='word_1_88' title='bbox 1050 1169 1205 1243; x_wconf 83' lang='lat' dir='ltr'>spatiolum,</span> 
     </span>
     <span class='ocr_line' id='line_1_11' title="bbox 124 1242 1206 1319; baseline 0.005 -17"><span class='ocrx_word' id='word_1_89' title='bbox 124 1245 153 1304; x_wconf 92' lang='lat' dir='ltr'>in</span> <span class='ocrx_word' id='word_1_90' title='bbox 182 1265 238 1319; x_wconf 85' lang='lat' dir='ltr'>quo</span> <span class='ocrx_word' id='word_1_91' title='bbox 266 1244 347 1314; x_wconf 85' lang='lat' dir='ltr'>radii,</span> <span class='ocrx_word' id='word_1_92' title='bbox 369 1244 419 1319; x_wconf 90' lang='lat' dir='ltr'>qui</span> <span class='ocrx_word' id='word_1_93' title='bbox 437 1263 476 1300; x_wconf 85' lang='lat' dir='ltr'>ex</span> <span class='ocrx_word' id='word_1_94' title='bbox 496 1243 595 1301; x_wconf 87' lang='lat' dir='ltr'>eodem</span> <span class='ocrx_word' id='word_1_95' title='bbox 617 1256 726 1318; x_wconf 87' lang='lat' dir='ltr'>puncto</span> <span class='ocrx_word' id='word_1_96' title='bbox 747 1242 881 1313; x_wconf 81' lang='lat' dir='ltr'>veniunt,</span> <span class='ocrx_word' id='word_1_97' title='bbox 903 1252 982 1319; x_wconf 83' lang='lat' dir='ltr'>post</span> <span class='ocrx_word' id='word_1_98' title='bbox 1010 1249 1206 1306; x_wconf 81' lang='lat' dir='ltr'>refractionem</span> 
     </span>
     <span class='ocr_line' id='line_1_12' title="bbox 125 1323 1207 1405; baseline 0.005 -22"><span class='ocrx_word' id='word_1_99' title='bbox 125 1330 349 1400; x_wconf 70' lang='lat' dir='ltr'>congregantur,</span> <span class='ocrx_word' id='word_1_100' title='bbox 370 1324 445 1381; x_wconf 89' lang='lat' dir='ltr'>idem</span> <span class='ocrx_word' id='word_1_101' title='bbox 459 1324 572 1381; x_wconf 89' lang='lat' dir='ltr'>ratione</span> <span class='ocrx_word' id='word_1_102' title='bbox 581 1323 791 1398; x_wconf 82' lang='lat' dir='ltr'>magnitudinis</span> <span class='ocrx_word' id='word_1_103' title='bbox 800 1330 924 1381; x_wconf 84' lang='lat' dir='ltr'>maneat</span> <span class='ocrx_word' id='word_1_104' title='bbox 936 1327 987 1397; x_wconf 76' lang='lat' dir='ltr'>d).</span> <span class='ocrx_word' id='word_1_105' title='bbox 1000 1327 1071 1386; x_wconf 79' lang='lat' dir='ltr'>sire</span> <span class='ocrx_word' id='word_1_106' title='bbox 1083 1336 1207 1405; x_wconf 79' lang='lat' dir='ltr'>apertura</span> 
     </span>
     <span class='ocr_line' id='line_1_13' title="bbox 126 1403 1206 1484; baseline -0.002 -22"><span class='ocrx_word' id='word_1_107' title='bbox 126 1425 233 1481; x_wconf 89' lang='lat' dir='ltr'>magna</span> <span class='ocrx_word' id='word_1_108' title='bbox 253 1405 300 1474; x_wconf 83' lang='lat' dir='ltr'>sit,</span> <span class='ocrx_word' id='word_1_109' title='bbox 321 1404 384 1462; x_wconf 84' lang='lat' dir='ltr'>sive</span> <span class='ocrx_word' id='word_1_110' title='bbox 404 1424 505 1479; x_wconf 78' lang='lat' dir='ltr'>parva</span> <span class='ocrx_word' id='word_1_111' title='bbox 517 1403 600 1473; x_wconf 75' lang='lat' dir='ltr'>Nam,</span> <span class='ocrx_word' id='word_1_112' title='bbox 612 1405 638 1461; x_wconf 86' lang='lat' dir='ltr'>si</span> <span class='ocrx_word' id='word_1_113' title='bbox 649 1405 705 1461; x_wconf 89' lang='lat' dir='ltr'>hoc</span> <span class='ocrx_word' id='word_1_114' title='bbox 714 1405 741 1475; x_wconf 82' lang='lat' dir='ltr'>c)</span> <span class='ocrx_word' id='word_1_115' title='bbox 752 1408 909 1478; x_wconf 70' lang='lat' dir='ltr'>praeetant,</span> <span class='ocrx_word' id='word_1_116' title='bbox 922 1424 1039 1466; x_wconf 75' lang='lat' dir='ltr'>aarum</span> <span class='ocrx_word' id='word_1_117' title='bbox 1050 1415 1206 1484; x_wconf 70' lang='lat' dir='ltr'>aperturam</span> 
     </span>
     <span class='ocr_line' id='line_1_14' title="bbox 127 1484 1208 1560; baseline 0.006 -17"><span class='ocrx_word' id='word_1_118' title='bbox 127 1505 235 1560; x_wconf 85' lang='lat' dir='ltr'>augere</span> <span class='ocrx_word' id='word_1_119' title='bbox 265 1485 302 1542; x_wconf 89' lang='lat' dir='ltr'>ad</span> <span class='ocrx_word' id='word_1_120' title='bbox 332 1484 444 1542; x_wconf 89' lang='lat' dir='ltr'>libitum</span> <span class='ocrx_word' id='word_1_121' title='bbox 475 1486 507 1558; x_wconf 73' lang='lat' dir='ltr'>f)</span> <span class='ocrx_word' id='word_1_122' title='bbox 536 1484 643 1553; x_wconf 81' lang='lat' dir='ltr'>licebit,</span> <span class='ocrx_word' id='word_1_123' title='bbox 675 1490 707 1542; x_wconf 87' lang='lat' dir='ltr'>et</span> <span class='ocrx_word' id='word_1_124' title='bbox 735 1489 957 1557; x_wconf 82' lang='lat' dir='ltr'>consequenter</span> <span class='ocrx_word' id='word_1_125' title='bbox 987 1490 1135 1548; x_wconf 81' lang='lat' dir='ltr'>omnibns</span> <span class='ocrx_word' id='word_1_126' title='bbox 1156 1490 1208 1548; x_wconf 77' lang='lat' dir='ltr'>aliie</span> 
     </span>
     <span class='ocr_line' id='line_1_15' title="bbox 127 1563 1207 1646; baseline 0.006 -24"><span class='ocrx_word' id='word_1_127' title='bbox 127 1566 229 1640; x_wconf 71' lang='lat' dir='ltr'>liguria</span> <span class='ocrx_word' id='word_1_128' title='bbox 258 1565 328 1622; x_wconf 91' lang='lat' dir='ltr'>mihi</span> <span class='ocrx_word' id='word_1_129' title='bbox 358 1564 483 1638; x_wconf 84' lang='lat' dir='ltr'>cognitis</span> <span class='ocrx_word' id='word_1_130' title='bbox 515 1565 602 1638; x_wconf 89' lang='lat' dir='ltr'>longe</span> <span class='ocrx_word' id='word_1_131' title='bbox 630 1563 851 1639; x_wconf 70' lang='lat' dir='ltr'>prestantiores</span> <span class='ocrx_word' id='word_1_132' title='bbox 871 1570 988 1637; x_wconf 87' lang='lat' dir='ltr'>erunt;</span> <span class='ocrx_word' id='word_1_133' title='bbox 1012 1569 1095 1628; x_wconf 86' lang='lat' dir='ltr'>alias</span> <span class='ocrx_word' id='word_1_134' title='bbox 1116 1591 1171 1628; x_wconf 94' lang='lat' dir='ltr'>nou</span> <span class='ocrx_word' id='word_1_135' title='bbox 1186 1576 1207 1646; x_wconf 71' lang='lat'>9)</span> 
     </span>
     <span class='ocr_line' id='line_1_16' title="bbox 127 1645 1207 1721; baseline 0.003 -19"><span class='ocrx_word' id='word_1_136' title='bbox 127 1645 220 1714; x_wconf 85' lang='lat' dir='ltr'>video,</span> <span class='ocrx_word' id='word_1_137' title='bbox 241 1665 294 1702; x_wconf 87' lang='lat' dir='ltr'>cur</span> <span class='ocrx_word' id='word_1_138' title='bbox 312 1645 427 1702; x_wconf 58' lang='lat' dir='ltr'>medem</span> <span class='ocrx_word' id='word_1_139' title='bbox 447 1665 536 1720; x_wconf 84' lang='lat' dir='ltr'>supra</span> <span class='ocrx_word' id='word_1_140' title='bbox 556 1664 722 1702; x_wconf 63' lang='lat' dir='ltr'>communem</span> <span class='ocrx_word' id='word_1_141' title='bbox 742 1645 836 1701; x_wconf 74' lang='lat' dir='ltr'>lentes</span> <span class='ocrx_word' id='word_1_142' title='bbox 848 1648 1020 1721; x_wconf 80' lang='lat' dir='ltr'>tantopere</span> <span class='ocrx_word' id='word_1_143' title='bbox 1032 1651 1207 1709; x_wconf 74' lang='lat' dir='ltr'>commender</span> 
     </span>
     <span class='ocr_line' id='line_1_17' title="bbox 126 1723 1208 1806; baseline 0.006 -25"><span class='ocrx_word' id='word_1_144' title='bbox 126 1727 166 1796; x_wconf 81' lang='lat' dir='ltr'>h).</span> <span class='ocrx_word' id='word_1_145' title='bbox 188 1725 295 1782; x_wconf 75' lang='lat' dir='ltr'>lentes</span> <span class='ocrx_word' id='word_1_146' title='bbox 314 1724 391 1781; x_wconf 92' lang='lat' dir='ltr'>enim</span> <span class='ocrx_word' id='word_1_147' title='bbox 412 1724 568 1782; x_wconf 88' lang='lat' dir='ltr'>circulares</span> <span class='ocrx_word' id='word_1_148' title='bbox 588 1725 710 1782; x_wconf 87' lang='lat' dir='ltr'>eundem</span> <span class='ocrx_word' id='word_1_149' title='bbox 722 1724 828 1799; x_wconf 86' lang='lat' dir='ltr'>ubique</span> <span class='ocrx_word' id='word_1_150' title='bbox 839 1723 956 1784; x_wconf 87' lang='lat' dir='ltr'>habent</span> <span class='ocrx_word' id='word_1_151' title='bbox 969 1747 1077 1797; x_wconf 82' lang='lat' dir='ltr'>axem,</span> <span class='ocrx_word' id='word_1_152' title='bbox 1090 1733 1208 1806; x_wconf 78' lang='lat' dir='ltr'>adeoque</span> 
     </span>
     <span class='ocr_line' id='line_1_18' title="bbox 127 1804 1208 1884; baseline 0.006 -23"><span class='ocrx_word' id='word_1_153' title='bbox 127 1805 243 1880; x_wconf 90' lang='lat' dir='ltr'>quando</span> <span class='ocrx_word' id='word_1_154' title='bbox 263 1804 328 1861; x_wconf 72' lang='lat' dir='ltr'>illae</span> <span class='ocrx_word' id='word_1_155' title='bbox 348 1804 525 1873; x_wconf 85' lang='lat' dir='ltr'>adhibemus,</span> <span class='ocrx_word' id='word_1_156' title='bbox 547 1805 643 1862; x_wconf 88' lang='lat' dir='ltr'>omnia</span> <span class='ocrx_word' id='word_1_157' title='bbox 664 1805 770 1879; x_wconf 88' lang='lat' dir='ltr'>objecti</span> <span class='ocrx_word' id='word_1_158' title='bbox 791 1810 913 1879; x_wconf 82' lang='lat' dir='ltr'>puncta,</span> <span class='ocrx_word' id='word_1_159' title='bbox 936 1811 1095 1884; x_wconf 86' lang='lat' dir='ltr'>tanquam</span> <span class='ocrx_word' id='word_1_160' title='bbox 1122 1812 1152 1870; x_wconf 91' lang='lat' dir='ltr'>in</span> <span class='ocrx_word' id='word_1_161' title='bbox 1164 1831 1208 1869; x_wconf 82' lang='lat' dir='ltr'>aue</span> 
     </span>
     <span class='ocr_line' id='line_1_19' title="bbox 127 1884 1208 1967; baseline 0.009 -26"><span class='ocrx_word' id='word_1_162' title='bbox 127 1884 230 1960; x_wconf 84' lang='lat' dir='ltr'>Optico</span> <span class='ocrx_word' id='word_1_163' title='bbox 261 1884 364 1960; x_wconf 84' lang='lat' dir='ltr'>posita,</span> <span class='ocrx_word' id='word_1_164' title='bbox 396 1891 464 1942; x_wconf 87' lang='lat' dir='ltr'>sunt</span> <span class='ocrx_word' id='word_1_165' title='bbox 495 1885 720 1943; x_wconf 83' lang='lat' dir='ltr'>consideranda:</span> <span class='ocrx_word' id='word_1_166' title='bbox 752 1890 782 1942; x_wconf 90' lang='lat' dir='ltr'>et</span> <span class='ocrx_word' id='word_1_167' title='bbox 812 1885 951 1959; x_wconf 77' lang='lat' dir='ltr'>quamvis</span> <span class='ocrx_word' id='word_1_168' title='bbox 982 1892 1092 1950; x_wconf 88' lang='lat' dir='ltr'>omnia</span> <span class='ocrx_word' id='word_1_169' title='bbox 1114 1892 1208 1967; x_wconf 83' lang='lat' dir='ltr'>objecti</span> 
     </span>
     <span class='ocr_line' id='line_1_20' title="bbox 126 1965 1208 2048; baseline 0.008 -26"><span class='ocrx_word' id='word_1_170' title='bbox 126 1971 235 2040; x_wconf 86' lang='lat' dir='ltr'>puncta</span> <span class='ocrx_word' id='word_1_171' title='bbox 269 1965 376 2022; x_wconf 92' lang='lat' dir='ltr'>nonin</span> <span class='ocrx_word' id='word_1_172' title='bbox 398 1966 497 2022; x_wconf 89' lang='lat' dir='ltr'>eadem</span> <span class='ocrx_word' id='word_1_173' title='bbox 518 1965 576 2022; x_wconf 87' lang='lat' dir='ltr'>sint</span> <span class='ocrx_word' id='word_1_174' title='bbox 598 1965 746 2035; x_wconf 86' lang='lat' dir='ltr'>distantia,</span> <span class='ocrx_word' id='word_1_175' title='bbox 767 1965 935 2024; x_wconf 85' lang='lat' dir='ltr'>differentia</span> <span class='ocrx_word' id='word_1_176' title='bbox 956 1972 1072 2030; x_wconf 86' lang='lat' dir='ltr'>tamen</span> <span class='ocrx_word' id='word_1_177' title='bbox 1095 1977 1129 2045; x_wconf 86' lang='lat' dir='ltr'>i),</span> <span class='ocrx_word' id='word_1_178' title='bbox 1155 1992 1208 2048; x_wconf 85' lang='lat' dir='ltr'>quae</span> 
     </span>
     <span class='ocr_line' id='line_1_21' title="bbox 125 2045 1209 2122; baseline 0.008 -19"><span class='ocrx_word' id='word_1_179' title='bbox 125 2046 193 2103; x_wconf 89' lang='lat' dir='ltr'>inde</span> <span class='ocrx_word' id='word_1_180' title='bbox 214 2045 314 2113; x_wconf 90' lang='lat' dir='ltr'>oritur,</span> <span class='ocrx_word' id='word_1_181' title='bbox 335 2045 478 2102; x_wconf 82' lang='lat' dir='ltr'>sensibilis</span> <span class='ocrx_word' id='word_1_182' title='bbox 498 2064 562 2102; x_wconf 73' lang='lat' dir='ltr'>esse</span> <span class='ocrx_word' id='word_1_183' title='bbox 582 2064 640 2102; x_wconf 95' lang='lat' dir='ltr'>non</span> <span class='ocrx_word' id='word_1_184' title='bbox 661 2052 767 2120; x_wconf 76' lang='lat' dir='ltr'>potest,</span> <span class='ocrx_word' id='word_1_185' title='bbox 789 2045 908 2120; x_wconf 87' lang='lat' dir='ltr'>quando</span> <span class='ocrx_word' id='word_1_186' title='bbox 919 2047 1050 2122; x_wconf 86' lang='lat' dir='ltr'>objecta</span> <span class='ocrx_word' id='word_1_187' title='bbox 1061 2053 1209 2111; x_wconf 87' lang='lat' dir='ltr'>admodum</span> 
     </span>
     <span class='ocr_line' id='line_1_22' title="bbox 127 2125 1207 2203; baseline 0.006 -20"><span class='ocrx_word' id='word_1_188' title='bbox 127 2132 238 2184; x_wconf 89' lang='lat' dir='ltr'>remota</span> <span class='ocrx_word' id='word_1_189' title='bbox 259 2132 336 2194; x_wconf 80' lang='lat' dir='ltr'>sunt,</span> <span class='ocrx_word' id='word_1_190' title='bbox 357 2125 425 2200; x_wconf 84' lang='lat' dir='ltr'>quia</span> <span class='ocrx_word' id='word_1_191' title='bbox 446 2131 506 2183; x_wconf 90' lang='lat' dir='ltr'>tum</span> <span class='ocrx_word' id='word_1_192' title='bbox 528 2125 610 2193; x_wconf 90' lang='lat' dir='ltr'>radii,</span> <span class='ocrx_word' id='word_1_193' title='bbox 632 2126 738 2200; x_wconf 84' lang='lat' dir='ltr'>quiex</span> <span class='ocrx_word' id='word_1_194' title='bbox 759 2127 859 2182; x_wconf 90' lang='lat' dir='ltr'>eodem</span> <span class='ocrx_word' id='word_1_195' title='bbox 879 2126 913 2196; x_wconf 75' lang='lat' dir='ltr'>k)</span> <span class='ocrx_word' id='word_1_196' title='bbox 935 2137 1060 2201; x_wconf 89' lang='lat' dir='ltr'>puncto</span> <span class='ocrx_word' id='word_1_197' title='bbox 1082 2135 1207 2203; x_wconf 77' lang='lat' dir='ltr'>veniunt,</span> 
     </span>
     <span class='ocr_line' id='line_1_23' title="bbox 127 2205 1209 2280; baseline 0.008 -17"><span class='ocrx_word' id='word_1_198' title='bbox 127 2206 346 2264; x_wconf 78' lang='lat' dir='ltr'>considerantur</span> <span class='ocrx_word' id='word_1_199' title='bbox 373 2212 512 2280; x_wconf 88' lang='lat' dir='ltr'>tanquam</span> <span class='ocrx_word' id='word_1_200' title='bbox 543 2206 673 2279; x_wconf 84' lang='lat' dir='ltr'>paralleli</span> <span class='ocrx_word' id='word_1_201' title='bbox 704 2209 725 2265; x_wconf 75' lang='lat' dir='ltr'>dt</span> <span class='ocrx_word' id='word_1_202' title='bbox 747 2205 976 2279; x_wconf 82' lang='lat' dir='ltr'>ingrederentur</span> <span class='ocrx_word' id='word_1_203' title='bbox 1001 2211 1133 2271; x_wconf 79' lang='lat' dir='ltr'>vitrum.</span> <span class='ocrx_word' id='word_1_204' title='bbox 1157 2215 1209 2271; x_wconf 85' lang='lat' dir='ltr'>Hoc</span> 
     </span>
     <span class='ocr_line' id='line_1_24' title="bbox 127 2286 1210 2370; baseline 0.006 -27"><span class='ocrx_word' id='word_1_205' title='bbox 127 2292 222 2343; x_wconf 88' lang='lat' dir='ltr'>tamen</span> <span class='ocrx_word' id='word_1_206' title='bbox 254 2287 340 2344; x_wconf 90' lang='lat' dir='ltr'>credo</span> <span class='ocrx_word' id='word_1_207' title='bbox 360 2287 453 2343; x_wconf 82' lang='lat' dir='ltr'>lentes</span> <span class='ocrx_word' id='word_1_208' title='bbox 474 2300 540 2342; x_wconf 87' lang='lat' dir='ltr'>tuas</span> <span class='ocrx_word' id='word_1_209' title='bbox 558 2286 663 2359; x_wconf 81' lang='lat' dir='ltr'>jurare</span> <span class='ocrx_word' id='word_1_210' title='bbox 684 2306 776 2361; x_wconf 79' lang='lat' dir='ltr'>posse,</span> <span class='ocrx_word' id='word_1_211' title='bbox 799 2286 916 2360; x_wconf 91' lang='lat' dir='ltr'>quando</span> <span class='ocrx_word' id='word_1_212' title='bbox 940 2289 1081 2362; x_wconf 87' lang='lat' dir='ltr'>plurima</span> <span class='ocrx_word' id='word_1_213' title='bbox 1105 2297 1210 2370; x_wconf 86' lang='lat' dir='ltr'>objecta</span> 
     </span>
     <span class='ocr_line' id='line_1_25' title="bbox 127 2367 1211 2442; baseline 0.009 -19"><span class='ocrx_word' id='word_1_214' title='bbox 127 2387 184 2423; x_wconf 91' lang='lat' dir='ltr'>uno</span> <span class='ocrx_word' id='word_1_215' title='bbox 205 2369 307 2424; x_wconf 89' lang='lat' dir='ltr'>obtutu</span> <span class='ocrx_word' id='word_1_216' title='bbox 322 2367 563 2442; x_wconf 86' lang='lat' dir='ltr'>comprehendere</span> <span class='ocrx_word' id='word_1_217' title='bbox 579 2367 711 2423; x_wconf 81' lang='lat' dir='ltr'>volumus</span> <span class='ocrx_word' id='word_1_218' title='bbox 723 2379 766 2425; x_wconf 84' lang='lat' dir='ltr'>tut</span> <span class='ocrx_word' id='word_1_219' title='bbox 777 2367 820 2435; x_wconf 90' lang='lat' dir='ltr'>fit,</span> <span class='ocrx_word' id='word_1_220' title='bbox 832 2367 951 2440; x_wconf 89' lang='lat' dir='ltr'>quando</span> <span class='ocrx_word' id='word_1_221' title='bbox 966 2369 1074 2430; x_wconf 82' lang='lat' dir='ltr'>lentes</span> <span class='ocrx_word' id='word_1_222' title='bbox 1086 2377 1211 2433; x_wconf 77' lang='lat' dir='ltr'>oculares</span> 
     </span>
     <span class='ocr_line' id='line_1_26' title="bbox 127 2446 1211 2519; baseline 0.008 -17"><span class='ocrx_word' id='word_1_223' title='bbox 127 2466 272 2504; x_wconf 72' lang='lat' dir='ltr'>convexae</span> <span class='ocrx_word' id='word_1_224' title='bbox 301 2464 340 2519; x_wconf 77' lang='lat' dir='ltr'>m)</span> <span class='ocrx_word' id='word_1_225' title='bbox 373 2447 526 2504; x_wconf 89' lang='lat' dir='ltr'>admodum</span> <span class='ocrx_word' id='word_1_226' title='bbox 557 2466 679 2519; x_wconf 84' lang='lat' dir='ltr'>magnas</span> <span class='ocrx_word' id='word_1_227' title='bbox 701 2446 892 2517; x_wconf 84' lang='lat' dir='ltr'>adhibemus),</span> <span class='ocrx_word' id='word_1_228' title='bbox 914 2453 949 2503; x_wconf 90' lang='lat' dir='ltr'>ut</span> <span class='ocrx_word' id='word_1_229' title='bbox 973 2454 1085 2511; x_wconf 81' lang='lat' dir='ltr'>omnia</span> <span class='ocrx_word' id='word_1_230' title='bbox 1107 2457 1211 2513; x_wconf 80' lang='lat' dir='ltr'>scilicet</span> 
     </span>
     <span class='ocr_line' id='line_1_27' title="bbox 127 2525 1211 2605; baseline 0.012 -23"><span class='ocrx_word' id='word_1_231' title='bbox 127 2526 289 2583; x_wconf 81' lang='lat' dir='ltr'>distinctius</span> <span class='ocrx_word' id='word_1_232' title='bbox 319 2532 574 2600; x_wconf 82' lang='lat' dir='ltr'>repraesententur.</span> <span class='ocrx_word' id='word_1_233' title='bbox 602 2527 708 2583; x_wconf 75' lang='lat' dir='ltr'>Verum</span> <span class='ocrx_word' id='word_1_234' title='bbox 731 2527 766 2583; x_wconf 89' lang='lat' dir='ltr'>de</span> <span class='ocrx_word' id='word_1_235' title='bbox 786 2526 832 2583; x_wconf 88' lang='lat' dir='ltr'>his</span> <span class='ocrx_word' id='word_1_236' title='bbox 852 2525 990 2585; x_wconf 86' lang='lat' dir='ltr'>omnibus</span> <span class='ocrx_word' id='word_1_237' title='bbox 1012 2532 1165 2604; x_wconf 83' lang='lat' dir='ltr'>judicium</span> <span class='ocrx_word' id='word_1_238' title='bbox 1186 2542 1211 2605; x_wconf 83' lang='lat' dir='ltr'>n)</span> 
     </span>
     <span class='ocr_line' id='line_1_28' title="bbox 127 2605 1212 2691; baseline 0.009 -29"><span class='ocrx_word' id='word_1_239' title='bbox 127 2606 301 2680; x_wconf 74' lang='lat' dir='ltr'>suependcre</span> <span class='ocrx_word' id='word_1_240' title='bbox 322 2606 397 2662; x_wconf 90' lang='lat' dir='ltr'>malo</span> <span class='ocrx_word' id='word_1_241' title='bbox 418 2626 454 2676; x_wconf 71' lang='lat' dir='ltr'>o),</span> <span class='ocrx_word' id='word_1_242' title='bbox 477 2606 567 2663; x_wconf 90' lang='lat' dir='ltr'>donec</span> <span class='ocrx_word' id='word_1_243' title='bbox 586 2612 712 2664; x_wconf 89' lang='lat' dir='ltr'>mentem</span> <span class='ocrx_word' id='word_1_244' title='bbox 727 2614 805 2663; x_wconf 88' lang='lat' dir='ltr'>tuam</span> <span class='ocrx_word' id='word_1_245' title='bbox 816 2605 886 2662; x_wconf 89' lang='lat' dir='ltr'>mihi</span> <span class='ocrx_word' id='word_1_246' title='bbox 893 2608 928 2680; x_wconf 76' lang='lat' dir='ltr'>pl</span> <span class='ocrx_word' id='word_1_247' title='bbox 942 2608 1063 2670; x_wconf 84' lang='lat' dir='ltr'>clarius</span> <span class='ocrx_word' id='word_1_248' title='bbox 1077 2617 1212 2691; x_wconf 69' lang='lat' dir='ltr'>explicem,</span> 
     </span>
     <span class='ocr_line' id='line_1_29' title="bbox 127 2685 1212 2770; baseline 0.008 -28"><span class='ocrx_word' id='word_1_249' title='bbox 127 2686 201 2760; x_wconf 90' lang='lat' dir='ltr'>quod</span> <span class='ocrx_word' id='word_1_250' title='bbox 223 2691 256 2741; x_wconf 90' lang='lat' dir='ltr'>ut</span> <span class='ocrx_word' id='word_1_251' title='bbox 276 2685 375 2753; x_wconf 78' lang='lat' dir='ltr'>faciae,</span> <span class='ocrx_word' id='word_1_252' title='bbox 397 2685 482 2741; x_wconf 88' lang='lat' dir='ltr'>enixe</span> <span class='ocrx_word' id='word_1_253' title='bbox 503 2705 584 2759; x_wconf 87' lang='lat' dir='ltr'>rogo.</span> <span class='ocrx_word' id='word_1_254' title='bbox 607 2687 689 2745; x_wconf 89' lang='lat' dir='ltr'>Dom.</span> <span class='ocrx_word' id='word_1_255' title='bbox 712 2686 875 2755; x_wconf 90' lang='lat' dir='ltr'>Huddenio,</span> <span class='ocrx_word' id='word_1_256' title='bbox 892 2686 1038 2753; x_wconf 87' lang='lat' dir='ltr'>alterum.</span> <span class='ocrx_word' id='word_1_257' title='bbox 1053 2701 1090 2751; x_wconf 90' lang='lat' dir='ltr'>ut</span> <span class='ocrx_word' id='word_1_258' title='bbox 1104 2696 1212 2770; x_wconf 62' lang='lat' dir='ltr'>jussisti</span> 
     </span>
     <span class='ocr_line' id='line_1_30' title="bbox 128 2764 1214 2850; baseline 0.012 -29"><span class='ocrx_word' id='word_1_259' title='bbox 128 2772 157 2841; x_wconf 84' lang='lat' dir='ltr'>q)</span> <span class='ocrx_word' id='word_1_260' title='bbox 187 2765 335 2838; x_wconf 85' lang='lat' dir='ltr'>exemplar</span> <span class='ocrx_word' id='word_1_261' title='bbox 365 2764 442 2833; x_wconf 83' lang='lat' dir='ltr'>misi;</span> <span class='ocrx_word' id='word_1_262' title='bbox 464 2766 622 2840; x_wconf 89' lang='lat' dir='ltr'>respoudit,</span> <span class='ocrx_word' id='word_1_263' title='bbox 644 2768 698 2824; x_wconf 86' lang='lat' dir='ltr'>sibi</span> <span class='ocrx_word' id='word_1_264' title='bbox 719 2766 985 2842; x_wconf 71' lang='lat' dir='ltr'>impraesentiarum</span> <span class='ocrx_word' id='word_1_265' title='bbox 1008 2776 1140 2850; x_wconf 90' lang='lat' dir='ltr'>tempus</span> <span class='ocrx_word' id='word_1_266' title='bbox 1162 2797 1214 2834; x_wconf 90' lang='lat' dir='ltr'>nou</span> 
     </span>
     <span class='ocr_line' id='line_1_31' title="bbox 128 2844 1213 2922; baseline 0.009 -19"><span class='ocrx_word' id='word_1_267' title='bbox 128 2865 191 2903; x_wconf 74' lang='lat' dir='ltr'>esee</span> <span class='ocrx_word' id='word_1_268' title='bbox 212 2844 286 2901; x_wconf 91' lang='lat' dir='ltr'>idem</span> <span class='ocrx_word' id='word_1_269' title='bbox 307 2847 335 2917; x_wconf 84' lang='lat' dir='ltr'>r)</span> <span class='ocrx_word' id='word_1_270' title='bbox 357 2845 549 2915; x_wconf 83' lang='lat' dir='ltr'>exauriuandi,</span> <span class='ocrx_word' id='word_1_271' title='bbox 572 2853 672 2921; x_wconf 88' lang='lat' dir='ltr'>sperat</span> <span class='ocrx_word' id='word_1_272' title='bbox 693 2854 789 2905; x_wconf 86' lang='lat' dir='ltr'>tamen</span> <span class='ocrx_word' id='word_1_273' title='bbox 810 2852 876 2922; x_wconf 88' lang='lat' dir='ltr'>post</span> <span class='ocrx_word' id='word_1_274' title='bbox 897 2866 990 2906; x_wconf 77' lang='lat' dir='ltr'>renam</span> <span class='ocrx_word' id='word_1_275' title='bbox 1014 2866 1075 2912; x_wconf 83' lang='lat' dir='ltr'>aut</span> <span class='ocrx_word' id='word_1_276' title='bbox 1093 2858 1213 2915; x_wconf 86' lang='lat' dir='ltr'>alteram</span> 
     </span>
     <span class='ocr_line' id='line_1_32' title="bbox 128 2925 624 3001; baseline 0 -18"><span class='ocrx_word' id='word_1_277' title='bbox 128 2925 335 2983; x_wconf 85' lang='lat' dir='ltr'>hebdomadam</span> <span class='ocrx_word' id='word_1_278' title='bbox 357 2925 401 2983; x_wconf 90' lang='lat' dir='ltr'>sui</span> <span class='ocrx_word' id='word_1_279' title='bbox 421 2925 495 3001; x_wconf 80' lang='lat' dir='ltr'>juris</span> <span class='ocrx_word' id='word_1_280' title='bbox 516 2927 577 2983; x_wconf 87' lang='lat' dir='ltr'>fore</span> <span class='ocrx_word' id='word_1_281' title='bbox 599 2930 624 2999; x_wconf 80' lang='lat' dir='ltr'>e)</span> 
     </span>
    </p>

    <p class='ocr_par' dir='ltr' id='par_1_3' title="bbox 128 3006 1217 3167">
     <span class='ocr_line' id='line_1_33' title="bbox 170 3006 1217 3089; baseline 0.005 -25"><span class='ocrx_word' id='word_1_282' title='bbox 170 3006 342 3064; x_wconf 81' lang='lat' dir='ltr'>Prodromue</span> <span class='ocrx_word' id='word_1_283' title='bbox 362 3006 508 3064; x_wconf 82' lang='lat' dir='ltr'>Francisei</span> <span class='ocrx_word' id='word_1_284' title='bbox 528 3007 617 3064; x_wconf 82' lang='lat' dir='ltr'>Lanae</span> <span class='ocrx_word' id='word_1_285' title='bbox 640 3008 765 3064; x_wconf 90' lang='lat' dir='ltr'>nondum</span> <span class='ocrx_word' id='word_1_286' title='bbox 787 3009 823 3065; x_wconf 91' lang='lat' dir='ltr'>ad</span> <span class='ocrx_word' id='word_1_287' title='bbox 838 3027 946 3064; x_wconf 87' lang='lat' dir='ltr'>manus</span> <span class='ocrx_word' id='word_1_288' title='bbox 960 3027 1051 3068; x_wconf 87' lang='lat' dir='ltr'>meas</span> <span class='ocrx_word' id='word_1_289' title='bbox 1069 3018 1217 3089; x_wconf 78' lang='lat' dir='ltr'>pervenit,</span> 
     </span>
     <span class='ocr_line' id='line_1_34' title="bbox 128 3085 1217 3167; baseline 0.01 -24"><span class='ocrx_word' id='word_1_290' title='bbox 128 3093 161 3144; x_wconf 90' lang='lat' dir='ltr'>nt</span> <span class='ocrx_word' id='word_1_291' title='bbox 192 3106 244 3144; x_wconf 89' lang='lat' dir='ltr'>nec</span> <span class='ocrx_word' id='word_1_292' title='bbox 264 3085 351 3143; x_wconf 88' lang='lat' dir='ltr'>etiam</span> <span class='ocrx_word' id='word_1_293' title='bbox 372 3086 569 3161; x_wconf 74' lang='lat' dir='ltr'>Cogitationes</span> <span class='ocrx_word' id='word_1_294' title='bbox 590 3087 904 3162; x_wconf 78' lang='lat' dir='ltr'>Physico·llechanicae</span> <span class='ocrx_word' id='word_1_295' title='bbox 926 3088 1091 3152; x_wconf 84' lang='lat' dir='ltr'>Johannis</span> <span class='ocrx_word' id='word_1_296' title='bbox 1116 3098 1217 3167; x_wconf 89' lang='lat' dir='ltr'>Holtii,</span> 
     </span>
    </p>
   </div>
   <div class='ocr_carea' id='block_1_3' title="bbox 130 3318 1218 3878">
    <p class='ocr_par' dir='ltr' id='par_1_4' title="bbox 160 3318 1076 3379">
     <span class='ocr_line' id='line_1_35' title="bbox 160 3318 1076 3379; baseline 0.005 -15"><span class='ocrx_word' id='word_1_297' title='bbox 160 3321 186 3377; x_wconf 87' lang='lat' dir='ltr'>a)</span> <span class='ocrx_word' id='word_1_298' title='bbox 203 3322 266 3379; x_wconf 84' lang='lat' dir='ltr'>Opp.</span> <span class='ocrx_word' id='word_1_299' title='bbox 283 3320 384 3366; x_wconf 79' lang='lat' dir='ltr'>Poeth.:</span> <span class='ocrx_word' id='word_1_300' title='bbox 401 3321 554 3378; x_wconf 68' lang='lat' dir='ltr'>explicatam.</span> <span class='ocrx_word' id='word_1_301' title='bbox 680 3319 691 3342; x_wconf 81' lang='grc'>*</span> <span class='ocrx_word' id='word_1_302' title='bbox 709 3318 841 3365; x_wconf 87' lang='lat' dir='ltr'>Sententia</span> <span class='ocrx_word' id='word_1_303' title='bbox 858 3319 931 3364; x_wconf 87' lang='lat' dir='ltr'>abest</span> <span class='ocrx_word' id='word_1_304' title='bbox 948 3319 974 3363; x_wconf 95' lang='lat' dir='ltr'>in</span> <span class='ocrx_word' id='word_1_305' title='bbox 994 3321 1024 3365; x_wconf 93' lang='lat' dir='ltr'>O.</span> <span class='ocrx_word' id='word_1_306' title='bbox 1044 3324 1076 3368; x_wconf 95' lang='lat' dir='ltr'>P.</span> 
     </span>
    </p>

    <p class='ocr_par' dir='ltr' id='par_1_5' title="bbox 159 3382 1036 3440">
     <span class='ocr_line' id='line_1_36' title="bbox 159 3382 1036 3440; baseline 0.002 -13"><span class='ocrx_word' id='word_1_307' title='bbox 159 3383 181 3437; x_wconf 73' lang='lat' dir='ltr'>d)</span> <span class='ocrx_word' id='word_1_308' title='bbox 199 3384 310 3439; x_wconf 71' lang='lat' dir='ltr'>colonae,</span> <span class='ocrx_word' id='word_1_309' title='bbox 326 3388 511 3440; x_wconf 62' lang='lat' dir='ltr'>conareqentm,</span> <span class='ocrx_word' id='word_1_310' title='bbox 526 3382 590 3440; x_wconf 82' lang='lat' dir='ltr'>quod</span> <span class='ocrx_word' id='word_1_311' title='bbox 605 3382 739 3439; x_wconf 62' lang='lat' dir='ltr'>apostolum</span> <span class='ocrx_word' id='word_1_312' title='bbox 752 3396 802 3438; x_wconf 80' lang='lat' dir='ltr'>pro</span> <span class='ocrx_word' id='word_1_313' title='bbox 819 3384 931 3427; x_wconf 77' lang='lat' dir='ltr'>ratione.</span> <span class='ocrx_word' id='word_1_314' title='bbox 942 3415 948 3427; x_wconf 81' lang='grc'><strong>.</strong></span> <span class='ocrx_word' id='word_1_315' title='bbox 959 3416 964 3427; x_wconf 95' lang='grc'>.</span> <span class='ocrx_word' id='word_1_316' title='bbox 975 3414 980 3424; x_wconf 98' lang='grc'>.</span> <span class='ocrx_word' id='word_1_317' title='bbox 992 3390 1036 3429; x_wconf 74' lang='lat' dir='ltr'>eet.</span> 
     </span>
    </p>

    <p class='ocr_par' dir='ltr' id='par_1_6' title="bbox 160 3445 849 3501">
     <span class='ocr_line' id='line_1_37' title="bbox 160 3445 849 3501; baseline 0 -12"><span class='ocrx_word' id='word_1_318' title='bbox 160 3450 181 3501; x_wconf 72' lang='lat' dir='ltr'>el</span> <span class='ocrx_word' id='word_1_319' title='bbox 200 3451 225 3489; x_wconf 85' lang='lat' dir='ltr'>ut</span> <span class='ocrx_word' id='word_1_320' title='bbox 242 3447 340 3492; x_wconf 75' lang='lat' dir='ltr'>ecidlcct.</span> <span class='ocrx_word' id='word_1_321' title='bbox 590 3445 615 3501; x_wconf 72' lang='lat' dir='ltr'>d)</span> <span class='ocrx_word' id='word_1_322' title='bbox 632 3458 727 3501; x_wconf 76' lang='lat' dir='ltr'>eernper</span> <span class='ocrx_word' id='word_1_323' title='bbox 744 3451 849 3490; x_wconf 77' lang='lat' dir='ltr'>rrioncot.</span> 
     </span>
    </p>

    <p class='ocr_par' dir='ltr' id='par_1_7' title="bbox 161 3506 891 3564">
     <span class='ocr_line' id='line_1_38' title="bbox 161 3506 891 3564; baseline -0.003 -12"><span class='ocrx_word' id='word_1_324' title='bbox 161 3512 182 3563; x_wconf 75' lang='lat' dir='ltr'>cl</span> <span class='ocrx_word' id='word_1_325' title='bbox 199 3509 256 3552; x_wconf 71' lang='lat' dir='ltr'>herc,</span> <span class='ocrx_word' id='word_1_326' title='bbox 587 3508 613 3562; x_wconf 73' lang='lat' dir='ltr'>s)</span> <span class='ocrx_word' id='word_1_327' title='bbox 631 3507 665 3551; x_wconf 86' lang='lat' dir='ltr'>od</span> <span class='ocrx_word' id='word_1_328' title='bbox 682 3506 776 3550; x_wconf 79' lang='lat' dir='ltr'>libitum</span> <span class='ocrx_word' id='word_1_329' title='bbox 795 3521 891 3564; x_wconf 70' lang='lat' dir='ltr'>crepere.</span> 
     </span>
    </p>

    <p class='ocr_par' dir='ltr' id='par_1_8' title="bbox 159 3570 791 3627">
     <span class='ocr_line' id='line_1_39' title="bbox 159 3570 791 3627; baseline -0.002 -13"><span class='ocrx_word' id='word_1_330' title='bbox 159 3575 185 3627; x_wconf 74' lang='lat' dir='ltr'>p)</span> <span class='ocrx_word' id='word_1_331' title='bbox 203 3571 273 3615; x_wconf 78' lang='lat' dir='ltr'>nihil,</span> <span class='ocrx_word' id='word_1_332' title='bbox 586 3570 611 3619; x_wconf 70' lang='lat' dir='ltr'>ht</span> <span class='ocrx_word' id='word_1_333' title='bbox 629 3570 791 3613; x_wconf 78' lang='lat' dir='ltr'>counnencloe.</span> 
     </span>
    </p>

    <p class='ocr_par' dir='ltr' id='par_1_9' title="bbox 130 3632 1218 3758">
     <span class='ocr_line' id='line_1_40' title="bbox 161 3632 1218 3695; baseline 0.008 -18"><span class='ocrx_word' id='word_1_334' title='bbox 161 3633 179 3688; x_wconf 74' lang='lat' dir='ltr'>i)</span> <span class='ocrx_word' id='word_1_335' title='bbox 197 3638 277 3677; x_wconf 81' lang='lat' dir='ltr'>tomen</span> <span class='ocrx_word' id='word_1_336' title='bbox 294 3633 444 3689; x_wconf 76' lang='lat' dir='ltr'>differentia.</span> <span class='ocrx_word' id='word_1_337' title='bbox 532 3632 557 3684; x_wconf 80' lang='lat' dir='ltr'>lc)</span> <span class='ocrx_word' id='word_1_338' title='bbox 576 3646 631 3676; x_wconf 79' lang='lat' dir='ltr'>reno.</span> <span class='ocrx_word' id='word_1_339' title='bbox 720 3632 736 3683; x_wconf 80' lang='lat' dir='ltr'>d}</span> <span class='ocrx_word' id='word_1_340' title='bbox 755 3637 873 3690; x_wconf 76' lang='lat' dir='ltr'>tanquam</span> <span class='ocrx_word' id='word_1_341' title='bbox 887 3646 947 3688; x_wconf 82' lang='lat' dir='ltr'>por.</span> <span class='ocrx_word' id='word_1_342' title='bbox 964 3635 1130 3683; x_wconf 63' lang='lat' dir='ltr'>consideran·</span> <span class='ocrx_word' id='word_1_343' title='bbox 1149 3643 1218 3695; x_wconf 69' lang='lat' dir='ltr'>trior.</span> 
     </span>
     <span class='ocr_line' id='line_1_41' title="bbox 130 3689 1217 3758; baseline -0.002 -19"><span class='ocrx_word' id='word_1_344' title='bbox 130 3696 229 3741; x_wconf 76' lang='lat' dir='ltr'>vitrum,</span> <span class='ocrx_word' id='word_1_345' title='bbox 284 3705 316 3745; x_wconf 77' lang='lat' dir='ltr'>m)</span> <span class='ocrx_word' id='word_1_346' title='bbox 334 3696 470 3740; x_wconf 75' lang='lat' dir='ltr'>circularee</span> <span class='ocrx_word' id='word_1_347' title='bbox 486 3707 620 3739; x_wconf 72' lang='lat' dir='ltr'>conuersae.</span> <span class='ocrx_word' id='word_1_348' title='bbox 669 3697 696 3747; x_wconf 75' lang='lat' dir='ltr'>nl</span> <span class='ocrx_word' id='word_1_349' title='bbox 709 3695 832 3749; x_wconf 72' lang='lat' dir='ltr'>judicium</span> <span class='ocrx_word' id='word_1_350' title='bbox 852 3696 874 3740; x_wconf 78' lang='lat' dir='ltr'>el.</span> <span class='ocrx_word' id='word_1_351' title='bbox 891 3694 913 3738; x_wconf 85' lang='lat' dir='ltr'>h.</span> <span class='ocrx_word' id='word_1_352' title='bbox 931 3708 952 3739; x_wconf 90' lang='lat' dir='ltr'>o.</span> <span class='ocrx_word' id='word_1_353' title='bbox 1001 3703 1024 3743; x_wconf 78' lang='lat' dir='ltr'>o)</span> <span class='ocrx_word' id='word_1_354' title='bbox 1044 3689 1217 3758; x_wconf 56' lang='lat' dir='ltr'>crespenddm,</span> 
     </span>
    </p>

    <p class='ocr_par' dir='ltr' id='par_1_10' title="bbox 157 3756 983 3816">
     <span class='ocr_line' id='line_1_42' title="bbox 157 3756 983 3816; baseline -0.001 -14"><span class='ocrx_word' id='word_1_355' title='bbox 157 3759 187 3816; x_wconf 80' lang='lat' dir='ltr'>p)</span> <span class='ocrx_word' id='word_1_356' title='bbox 204 3758 286 3804; x_wconf 87' lang='lat' dir='ltr'>omitt.</span> <span class='ocrx_word' id='word_1_357' title='bbox 303 3758 370 3801; x_wconf 75' lang='lat' dir='ltr'>mihi.</span> <span class='ocrx_word' id='word_1_358' title='bbox 496 3762 519 3814; x_wconf 76' lang='lat' dir='ltr'>q)</span> <span class='ocrx_word' id='word_1_359' title='bbox 537 3761 563 3800; x_wconf 84' lang='lat' dir='ltr'>ut</span> <span class='ocrx_word' id='word_1_360' title='bbox 573 3756 653 3812; x_wconf 77' lang='lat' dir='ltr'>judee,</span> <span class='ocrx_word' id='word_1_361' title='bbox 671 3759 782 3802; x_wconf 82' lang='lat' dir='ltr'>alterum.</span> <span class='ocrx_word' id='word_1_362' title='bbox 909 3758 932 3813; x_wconf 78' lang='lat' dir='ltr'>r)</span> <span class='ocrx_word' id='word_1_363' title='bbox 949 3756 983 3801; x_wconf 74' lang='lat' dir='ltr'>id.</span> 
     </span>
    </p>

    <p class='ocr_par' dir='ltr' id='par_1_11' title="bbox 162 3822 718 3878">
     <span class='ocr_line' id='line_1_43' title="bbox 162 3822 718 3878; baseline 0 -14"><span class='ocrx_word' id='word_1_364' title='bbox 162 3822 184 3877; x_wconf 79' lang='lat' dir='ltr'>a)</span> <span class='ocrx_word' id='word_1_365' title='bbox 201 3835 225 3863; x_wconf 74' lang='lat' dir='ltr'>ac</span> <span class='ocrx_word' id='word_1_366' title='bbox 242 3826 322 3864; x_wconf 66' lang='lat' dir='ltr'>tanton</span> <span class='ocrx_word' id='word_1_367' title='bbox 338 3824 408 3878; x_wconf 76' lang='lat' dir='ltr'>poet.</span> <span class='ocrx_word' id='word_1_368' title='bbox 419 3854 423 3865; x_wconf 95' lang='lat'>.</span> <span class='ocrx_word' id='word_1_369' title='bbox 434 3853 439 3863; x_wconf 92' lang='lat'>.</span> <span class='ocrx_word' id='word_1_370' title='bbox 450 3853 454 3864; x_wconf 93' lang='lat'><em>.</em></span> <span class='ocrx_word' id='word_1_371' title='bbox 465 3824 608 3863; x_wconf 67' lang='lat' dir='ltr'>circatorum</span> <span class='ocrx_word' id='word_1_372' title='bbox 626 3826 718 3877; x_wconf 74' lang='lat' dir='ltr'>eperat.</span> 
     </span>
    </p>
   </div>
   <div class='ocr_carea' id='block_1_4' title="bbox 0 0 1346 4298">
    <p class='ocr_par' dir='ltr' id='par_1_12' title="bbox 0 0 1346 4298">
     <span class='ocr_line' id='line_1_44' title="bbox 0 0 1346 4298; baseline 0 0"><span class='ocrx_word' id='word_1_373' title='bbox 0 0 1346 4298; x_wconf 95' lang='lat' dir='ltr'> </span> 
     </span>
    </p>
   </div>
  </div>
 </body>
</html>
