2662 4298
349 332 670 381 benencase-romum
690 341 754 381 cnr.
776 343 827 381 xx.
1073 326 1129 384 171

56 508 165 583 insigni
186 507 347 585 majestatis
369 508 522 583 opprobrio
544 509 766 568 ostentandam?
789 509 844 579 Qui
858 509 934 568 enim
948 511 1130 571 sehonestos

57 593 174 662 norunt,
186 593 308 647 mortem
319 593 352 646 ut
362 587 476 646 scelesti
488 609 545 647 nou
556 589 668 659 timent,
681 609 735 647 uec
743 589 913 665 supplicium
921 591 1127 666 deprecantur;

57 690 157 728 eorum
179 669 284 745 quippe
305 668 418 726 animus
439 669 520 727 nulla
540 669 634 745 turpis
655 669 725 728 facti
745 670 918 745 poenitentia
938 671 1065 746 angitur,
1079 673 1131 731 sed

56 755 160 808 contra
181 750 343 820 honestum,
366 768 425 806 non
445 748 615 825 supplicium
636 754 751 825 putant,
773 770 826 825 pro
848 753 923 808 bona
944 771 1033 810 causa
1046 753 1127 825 mori,

56 836 86 889 et
117 850 169 905 pro
199 829 334 888 libertate
365 829 530 904 gloriosum.
565 829 639 899 Quid
671 849 741 905 ergo
772 831 873 889 talium
904 851 974 890 nece
1006 832 1131 908 exenipli

59 910 209 981 statuitur,
247 911 329 986 cujus
354 929 470 969 causam
490 909 599 968 inertes
620 915 650 968 et
671 910 767 969 animo
788 911 961 987 impotentes
981 911 1129 986 ignorant,

58 990 189 1049 seditiosi
223 991 354 1061 oderunt,
386 993 416 1047 et
448 989 563 1050 honesti
593 995 713 1051 amant?
744 1010 829 1049 nemo
860 1011 929 1050 sane
961 1011 997 1050 ex
1028 994 1128 1051 eadem

59 1072 222 1147 exemplum
255 1089 358 1146 capere
390 1073 495 1145 potest,
528 1069 584 1129 nisi
616 1071 652 1128 ad
684 1070 863 1144 imitandum,
896 1073 943 1130 vel
969 1074 1071 1131 saltem
1092 1074 1129 1132 ad

58 1152 235 1210 adulandum
250 1152 274 1210 *.
622 1196 624 1201 .

100 1231 144 1290 Ne
165 1231 264 1307 itaque
285 1231 452 1301 assentatio,
474 1231 524 1289 sed
546 1235 579 1289 ut
599 1231 721 1289 fidesic
741 1231 835 1307 pretio
856 1231 903 1302 sit,
925 1236 955 1290 et
965 1237 999 1290 ut
1009 1252 1129 1291 summae

58 1315 221 1388 potestates
257 1311 407 1387 imperium
442 1311 549 1387 optime
582 1311 736 1381 retineant,
769 1331 822 1370 nec
853 1311 996 1370 seditiosis
1027 1314 1130 1371 cedere

58 1397 212 1467 cogantur,
233 1391 333 1468 judieii
353 1391 474 1450 libertas
494 1392 656 1450 necessario
678 1392 862 1451 concedenda
882 1397 935 1461 est,
958 1392 1130 1452 ethomines

56 1473 102 1531 ita
119 1472 239 1546 regendi
260 1476 336 1541 sunt,
359 1476 400 1544 ut,
417 1471 548 1547 quamvis
559 1472 674 1530 diversa
686 1477 715 1531 et
726 1472 872 1531 contraria
883 1472 978 1548 palam
989 1473 1126 1545 sentiant,
1178 1515 1180 1521 -

57 1552 239 1611 concorditer
260 1557 358 1610 tamen
378 1552 489 1611 vivant.
504 1552 564 1611 Nec
579 1552 711 1611 dubitare
725 1572 886 1628 possumus,
899 1552 967 1628 quin
981 1554 1042 1612 haec
1053 1553 1129 1612 ratio

56 1632 219 1708 imperandi
251 1632 359 1708 optima
386 1633 432 1704 sit,
455 1636 484 1691 et
505 1632 617 1691 minora
637 1633 766 1708 patiatur
787 1633 980 1706 incommods;
1002 1634 1128 1708 quando·

57 1713 173 1788 quidem
205 1733 269 1771 eum
303 1712 450 1771 hominum
482 1717 588 1771 natura
619 1713 744 1772 maxime
776 1713 919 1772 convenit.
953 1714 988 1771 In
1008 1713 1130 1789 imperio

56 1793 136 1851 enim
164 1793 355 1852 democratioo
377 1794 465 1869 (quod
487 1793 612 1851 maxime
633 1794 668 1851 ad
691 1798 800 1852 statum
821 1794 983 1852 naturalem
1005 1794 1129 1868 aceedit)

19 1884 22 1889 '
57 1893 159 1931 omnes
197 1873 303 1948 pacisci
341 1873 526 1944 ostendimus,
566 1893 604 1932 ex
641 1874 784 1932 communi
823 1875 937 1933 decreto
968 1894 1065 1949 agere,
1097 1880 1128 1933 at

57 1973 116 2011 non
154 1953 283 2028 judicare
321 1959 350 2012 et
381 1953 562 2026 ratiocinari;
593 1954 649 2012 hoc
680 1959 734 2025 est,
766 1953 833 2029 quia
868 1974 967 2012 omnes
985 1954 1130 2026 *homines

56 2053 117 2092 non
140 2038 261 2108 possunt
282 2054 364 2109 aeque
385 2035 485 2092 eadem
505 2033 622 2106 sentire,
644 2034 723 2110 pacti
744 2039 821 2106 sunt,
843 2039 876 2092 ut
896 2034 925 2092 id
948 2034 1005 2092 vim
1020 2036 1129 2094 decreti

57 2116 188 2184 haberet,
230 2115 306 2189 quod
342 2114 466 2190 plurima
496 2116 618 2173 haberet
649 2114 796 2188 suffragia,
829 2114 980 2172 retinendo
1012 2114 1127 2173 interim

56 2193 266 2253 authoritatem
305 2195 413 2265 eadem,
452 2195 501 2253 ubi
540 2193 658 2252 meliora
696 2194 830 2265 viderint,
863 2194 1032 2268 abrogandi.
1066 2196 1129 2265 Quo

56 2273 149 2348 igitur
187 2274 351 2333 hominibus
382 2275 501 2332 libertas
529 2274 678 2350 judicandi
708 2274 803 2332 minus
834 2275 1009 2351 conceditur,
1046 2295 1079 2333 eo
1111 2296 1130 2333 a

56 2359 139 2413 statu
170 2355 295 2413 maxime
323 2355 448 2413 naturali
479 2355 573 2430 magis
603 2354 756 2425 receditur,
790 2358 819 2412 et
840 2360 1049 2430 consequenter
1071 2355 1128 2413 vio-

56 2434 166 2493 lentius
197 2439 346 2509 regnatur.
377 2436 418 2494 Ut
445 2440 540 2493 autem
572 2454 658 2510 porro
689 2439 811 2506 constet,
845 2455 882 2494 ex
913 2436 968 2493 hac
993 2434 1129 2493 libertate

57 2515 138 2574 nulla
160 2515 228 2572 oriri
249 2515 437 2587 incommoda,
461 2535 529 2590 quae.
547 2534 606 2573 non
626 2515 738 2591 possint
759 2516 821 2574 sola
841 2535 960 2577 summae
975 2516 1130 2591 potestatis

57 2595 238 2654 authoritate
269 2596 371 2667 vitari;
403 2601 433 2654 et
464 2597 518 2654 hac
543 2597 605 2654 sola
629 2595 767 2670 homines,
790 2596 845 2654 etsi
865 2597 960 2673 palam
982 2596 1129 2654 contraria

56 2675 224 2744 sentientes,
258 2676 342 2734 facile
371 2676 498 2749 retineri,
520 2696 557 2734 ne
578 2676 701 2736 invicem
722 2677 845 2747 laedant;
868 2677 998 2753 exempla
1020 2681 1128 2753 praesto

56 2760 136 2825 sunt,
162 2775 215 2813 nec
237 2776 309 2832 opus
329 2755 399 2815 mihi
420 2761 464 2814 est
485 2776 519 2814 ea
540 2757 626 2831 longe
647 2762 755 2833 petere.
778 2758 856 2816 Urbs
879 2758 1126 2816 Amstelodamum

56 2837 190 2911 exemplo
212 2836 258 2908 sit,
280 2857 343 2911 quae
359 2841 445 2895 tanto
461 2856 524 2894 oum
539 2857 590 2895 suo
601 2837 787 2908 incremento,
800 2842 830 2896 et
840 2838 965 2897 omnium
977 2838 1125 2897 nationum

56 2915 258 2985 admIrationa
290 2917 377 2992 hujus
407 2916 551 2975 libertatis
585 2919 697 2975 fructus
728 2918 892 2992 experitur3
924 2918 955 2976 in
975 2920 1030 2977 hae
1051 2919 1128 2976 enim

56 2996 262 3054 florentissima
281 2997 428 3073 republica
440 3001 469 3054 et
480 2999 550 3055 urbo
561 2997 801 3072 praestantissima
812 3019 919 3069 omnes,
932 2999 1127 3074 cujuscunque

56 3076 185 3134 nationis
206 3081 236 3134 et
257 3082 354 3147 sectae,
376 3077 506 3135 homines
527 3079 638 3135 summa'
659 3096 723 3135 oum
745 3078 898 3137 eoncordia
918 3079 1032 3150 vivunt,
1055 3083 1084 3136 et
1095 3083 1127 3136 ut

56 3157 145 3215 alicui
166 3159 243 3214 bona
263 3177 315 3216 sua
336 3158 465 3227 credant,
486 3156 514 3215 id
536 3161 650 3215 tantum
671 3157 744 3216 scire
766 3163 878 3224 curant,
900 3179 969 3217 num
990 3158 1071 3216 dives
1088 3178 1127 3216 an

55 3256 169 3313 pauper
190 3238 236 3309 sit,
258 3242 286 3295 et
308 3258 376 3296 num
398 3237 550 3295 bonafide
571 3238 684 3296 andolo
696 3237 798 3296 solitus
812 3238 850 3296 sit
864 3259 960 3314 agere.
983 3239 1126 3297 Oaeterum

57 3316 173 3392 Religio
206 3318 253 3375 vel
284 3324 364 3376 secta
395 3317 467 3375 nihil
487 3337 536 3375 eos
556 3321 663 3389 movet,
686 3318 753 3392 quia
774 3319 838 3377 haec
858 3339 954 3377 coram
973 3318 1069 3394 judice
1090 3319 1126 3375 ad

54 3397 271 3473 justificandam
306 3399 353 3456 vel
384 3399 575 3456 damnandam
608 3418 724 3456 causam
755 3398 827 3456 nihil
855 3400 954 3475 juvat;
987 3403 1016 3456 et
1047 3398 1126 3456 nulla

56 3478 175 3536 omnino
207 3482 266 3536 tam
297 3478 395 3536 odiosa
427 3483 505 3536 secta
537 3483 589 3549 est,
622 3479 704 3554 cujus
729 3478 844 3537 sectarii
866 3480 960 3552 (modo
981 3478 1124 3537 neminem

56 3559 177 3627 laedant,
200 3563 229 3615 et
250 3578 332 3616 suum
354 3558 506 3633 unicuique
527 3558 666 3629 tribuant,
689 3560 865 3633 honesteque
887 3559 1000 3632 vivant)
1012 3558 1128 3634 publiea

92 3756 102 3775 ⁴
119 3755 290 3800 Kirchmann:
323 3755 506 3800 admirandum.
532 3781 560 3787 —
586 3756 640 3800 lac.
665 3755 786 3812 Bernays,
811 3759 877 3801 teste
903 3753 1127 3802 Schaarschmidt:

58 3817 234 3862 ‹errrulcmdum
254 3846 280 3851 -
300 3817 335 3862 At
352 3818 409 3862 vide
427 3831 483 3876 pag.
503 3818 555 3863 169.
572 3832 608 3863 vs.
626 3817 663 3862 3⁵1.
682 3820 707 3862 et
723 3831 747 3876 p.
768 3818 819 3863 172.
836 3832 873 3862 vs.
891 3818 920 3864 36
