2662 4298
547 307 683 346 urtsroue
705 306 776 346 XLII.

394 503 417 560 Ε
428 522 445 560 r
456 522 467 560 1
479 522 493 560 s
504 522 520 560 r
533 522 609 561 oua
629 501 712 560 XLII
734 501 810 557 (01111
829 504 952 565 xuvm),

373 655 543 712 Doctissimo
564 661 647 729 utque
671 654 870 713 ornatissimo
901 657 987 716 Viro
1020 710 1024 717 .

408 803 644 864 JOHANNI
677 802 891 863 oosuuN
915 809 934 843 *¹

308 955 543 1014 LAMBERTUS
564 955 616 1013 DE
637 954 920 1029 VELTHUYSEN,
945 979 984 1020 rr.
1010 977 1059 1021 ur.

246 1089 414 1147 Rectissime
440 1090 502 1160 Vir,

170 1221 280 1280 Nactus
301 1222 416 1279 tandem
439 1221 553 1295 aliquod
574 1240 698 1279 vacuum
714 1226 837 1296 tempus,
850 1220 941 1283 illico
953 1227 1098 1303 applicui
1108 1228 1199 1288 animm

129 1302 166 1360 ad
187 1301 421 1360 satisfaciendum
443 1301 519 1359 votis
539 1305 628 1377 atque
648 1300 801 1376 postulatis
822 1301 896 1363 tuis.
935 1306 1053 1367 Poscis
1075 1314 1200 1379 autemut

129 1382 270 1440 declarem
301 1381 354 1440 tibi
386 1381 560 1457 sententiam
591 1401 693 1451 meam,
721 1382 868 1440 adornans
891 1383 1058 1459 judicium
1081 1388 1200 1449 meumte

126 1462 209 1532 libro,
243 1461 293 1538 qui
323 1461 490 1520 inscribitur
521 1461 667 1520 discursus
693 1460 1025 1540 Theologo·Politicus,
1052 1472 1132 1546 quod
1149 1488 1200 1528 nure

128 1562 181 1618 pro
202 1543 285 1617 copia
306 1541 444 1617 temporis
465 1547 494 1600 et
514 1561 577 1600 mea
598 1543 738 1600 facultate
747 1542 845 1599 iacere
857 1546 1026 1607 constitui.
1051 1550 1200 1610 Nonauten

125 1623 173 1681 ibo
194 1643 246 1698 per
266 1622 390 1697 singula,
412 1623 462 1680 sed
483 1641 535 1697 per
555 1622 763 1697 compendium,
782 1623 916 1681 auctoris
928 1645 1075 1702 sensum,
1088 1631 1200 1690 animun·

126 1722 182 1777 que
204 1703 266 1778 ejus
287 1703 323 1761 de
343 1702 483 1777 religione
504 1721 649 1777 exponam
661 1704 702 1760 **.

165 1782 254 1857 Cujus
285 1781 381 1858 gentis
400 1782 448 1841 ille
470 1782 517 1853 sit,
539 1787 590 1840 aut
611 1783 686 1857 quod
707 1782 777 1841 vitae
797 1781 975 1844 institutum
998 1796 1156 1866 sequatur,
1172 1807 1201 1848 m

125 1863 210 1937 fugit,
251 1863 338 1922 etiam
370 1862 441 1921 nihil
471 1863 594 1921 interest
623 1863 652 1921 id
684 1862 765 1921 scire.
796 1862 882 1921 Illum
915 1884 983 1924 non
1021 1889 1094 1930 esse
1118 1868 1202 1946 stupidi

127 1942 248 2018 ingenii,
283 1962 337 2002 neo
371 1943 473 2019 supine
507 1948 537 2001 et
568 1942 763 2019 perfunctorie
793 1941 948 2017 religionis
984 1951 1201 2018 controversia

129 2043 193 2099 quae
213 2023 244 2081 in
264 2025 381 2098 Europa
392 2023 469 2082 inter
481 2022 662 2082 Christianos
676 2023 833 2098 agitantur,
851 2026 1007 2086 tractasse
1020 2035 1120 2107 atque
1129 2032 1202 2090 intro

129 2103 268 2180 spexisse,
281 2103 346 2162 libri
356 2103 448 2180 ipsius
459 2107 661 2178 argumentum
673 2103 745 2162 satis
754 2102 859 2179 prodit.
882 2103 947 2162 Sibi
959 2112 1125 2182 persuasit
1135 2111 1203 2185 hujus

39 2254 44 2263 Ι
127 2183 193 2242 libri
215 2184 347 2260 scriptor,
373 2204 404 2242 se
425 2183 537 2242 felicius
558 2189 740 2242 versaturum
761 2183 792 2241 in
812 2182 1025 2246 examinandis
1051 2191 1202 2257 sententiis.

129 2284 180 2339 per
212 2285 285 2340 quas
315 2263 445 2322 homines
471 2269 663 2340 prorumpunt
683 2264 713 2322 in
733 2263 874 2322 factiones
896 2268 926 2322 et
948 2273 1028 2326 eunt
1052 2271 1088 2330 in
1110 2277 1202 2349 partes,

125 2344 149 2402 si
181 2344 351 2420 praejudicia
382 2346 508 2420 deponat
539 2349 569 2402 et
590 2349 687 2402 exuat.
720 2344 795 2401 Hinc
815 2344 881 2418 plus
902 2344 979 2403 satis
1002 2349 1160 2412 laboravit
1177 2351 1202 2410 ad

125 2424 330 2483 vindicandum
362 2425 488 2483 animum
520 2427 557 2483 ab
589 2424 666 2482 omni
687 2423 901 2500 superstitione,
923 2444 941 2482 a
965 2447 1030 2502 qua
1055 2437 1094 2490 ut
1116 2453 1147 2492 se
1165 2433 1204 2490 im·

125 2524 240 2562 munem
261 2507 414 2580 praeberet,
436 2504 553 2564 nimium
576 2525 606 2563 se
628 2504 710 2562 flexit
729 2505 759 2562 in
782 2503 970 2577 contrarium,
997 2514 1038 2582 et,
1066 2517 1104 2571 ut
1119 2533 1204 2589 super·

126 2583 231 2642 stitiosi
252 2585 365 2659 culpam
387 2585 502 2656 vitaret,
525 2605 638 2644 omnem
658 2584 728 2642 mihi
750 2586 865 2643 videtur
887 2584 1009 2645 exuisse
1025 2591 1204 2667 religionem.

108 2664 234 2738 ¹Saltem
256 2685 314 2723 non
335 2664 463 2739 assurgit
484 2685 573 2741 supra
593 2664 761 2740 religionem
783 2664 958 2735 Deistarum,
983 2688 1122 2743 quorum
1145 2674 1205 2732 satis

125 2743 230 2819 ubique
261 2764 384 2819 magnus
416 2765 552 2804 numerus
584 2747 628 2819 (ut
649 2749 717 2803 sunt
737 2744 854 2820 pessimi
873 2744 962 2818 hujus
984 2752 1085 2809 seculi
1108 2754 1205 2821 mores)

125 2829 177 2895 est,
200 2828 230 2882 et
249 2824 409 2901 praesertim
430 2825 460 2882 in
481 2825 591 2884 Gallia:
614 2830 716 2884 contra
738 2845 809 2901 quos
831 2823 920 2882 edidit
937 2825 1124 2891 Tractatum
1140 2835 1206 2892 Mer·

127 2925 244 2975 sennus,
268 2926 352 2982 quem
374 2905 440 2964 olim
461 2926 506 2964 me
526 2907 624 2982 legere
644 2905 768 2964 memini.
800 2905 856 2964 Sed
877 2903 1014 2965 existimo
1040 2911 1098 2970 vix
1122 2916 1205 2973 ullum

126 3005 160 3043 ex
182 2985 346 3045 Deistarum
367 3006 486 3044 numero
507 2992 567 3045 tam
579 2987 653 3044 malo
668 2985 772 3056 animo,
784 2990 900 3060 tamque
911 2985 1017 3044 callide
1031 2995 1063 3049 et
1075 3000 1206 3062 versute,

124 3085 177 3141 pro
198 3066 323 3140 pessima
343 3067 392 3124 illa
414 3087 501 3125 causa
521 3070 611 3125 verba
631 3066 742 3136 fecisse,
765 3086 850 3140 quam
872 3065 959 3139 hujus
983 3066 1207 3133 dissertationis

128 3150 283 3204 auctorem.
320 3148 476 3219 Praeterea,
508 3147 564 3206 nisi
593 3167 638 3205 me
670 3147 836 3221 conjectura
866 3145 957 3216 fallat,
981 3145 1040 3206 iste
1064 3152 1158 3213 homo
1180 3175 1206 3213 se

125 3225 291 3285 Deistarum
313 3227 419 3286 finibus
440 3248 499 3285 non
519 3227 649 3298 includit,
671 3232 701 3284 et
721 3226 846 3285 minores
867 3225 962 3283 cultus
984 3234 1093 3301 partes
1119 3235 1208 3293 homi-

125 3305 210 3364 nibus
231 3327 381 3382 superesse
403 3308 480 3367 sinit.

165 3387 257 3444 Deum
287 3389 428 3462 agnoscit,
451 3408 573 3463 eumque
594 3386 732 3446 Universi
754 3386 884 3461 opificem
906 3389 994 3460 atque
1017 3391 1207 3453 conditorem

165 3591 177 3616 *
195 3591 319 3650 Chirurgo
337 3594 555 3639 Roterodamonsi.
781 3610 783 3613 ·

156 3653 179 3679 '¹⁶
196 3654 226 3699 In
236 3654 366 3700 Velthusii
377 3656 539 3714 Ultrojeotiui
552 3656 662 3715 Operum
675 3653 803 3711 (Boterod.
817 3652 887 3710 1680)
899 3666 923 3711 p.
934 3652 968 3706 II,
977 3665 1021 3710 pp.
1033 3653 1209 3706 1363-1570,

124 3716 219 3774 legitur
244 3717 381 3763 Tractatus
407 3719 439 3763 do
464 3719 540 3764 Cultu
564 3718 688 3773 Naturali,
711 3719 738 3762 et
759 3716 862 3773 Origine
880 3715 1043 3770 Moralitatis,
1061 3724 1208 3779 oppositus

126 3779 258 3825 Tractatui
275 3779 550 3837 'theologico-Pontico
568 3784 593 3826 ot
610 3781 686 3839 Operi
704 3779 843 3824 Posthumo
862 3776 889 3822 B.
908 3778 932 3821 d.
950 3777 973 3822 S.
