2662 4298
572 319 710 359 EPISTOLA
731 320 760 358 X.

414 514 437 571 E
448 533 466 571 P
477 534 488 571 1
500 533 514 571 s
525 534 541 572 Τ
554 533 570 571 o
582 533 599 571 L
611 535 632 572 A
663 515 689 571 X
711 514 790 587 (omn
805 515 909 586 xxvm).

518 649 688 706 Doctiseimo
709 648 815 705 ιῙπιυεηὶ

434 781 621 840 SIMONI
652 782 713 839 DE
744 781 900 839 VRIES

600 915 632 974 B.
655 935 683 974 n.
706 915 734 974 S.

252 1048 352 1104 Anniae
373 1050 494 1122 colende,

170 1152 250 1210 Petis
281 1173 299 1210 a
329 1173 383 1224 me,
412 1173 450 1210 an
478 1172 614 1228 egeamus
642 1154 823 1229 experientia
850 1155 886 1213 ad
914 1154 1072 1225 sciendum,
1100 1158 1199 1212 utrum

128 1233 266 1291 Definitio
295 1233 416 1308 alicujus
443 1233 587 1292 Attributi
615 1233 653 1291 sit
681 1239 771 1292 vera?
799 1235 846 1292 Ad
874 1235 928 1293 hoc
952 1234 1122 1310 responde0,
1145 1254 1200 1292 nos

128 1333 276 1387 nunquam
298 1332 384 1388 egere
405 1313 593 1388 experientia,
616 1314 671 1371 nisi
693 1314 729 1372 ad
750 1315 808 1385 illa,
830 1334 895 1390 quae
916 1334 952 1373 ex
972 1314 1015 1372 rei
1029 1313 1199 1372 definitione

129 1413 189 1451 non
219 1398 341 1468 possunt
371 1393 511 1463 concludi,
543 1400 580 1466 ut¹
607 1413 653 1452 ex.
682 1415 726 1469 gr.
754 1394 909 1453 existentia
935 1395 1104 1452 Medorum:
1132 1395 1199 1452 haec

129 1473 205 1531 enim
233 1493 251 1531 a
275 1473 318 1530 rei
345 1473 511 1532 definitione
539 1494 597 1532 non
623 1479 720 1550 potest
741 1474 881 1533 concludi.
902 1473 967 1532 Non
988 1494 1058 1533 vero
1080 1475 1117 1532 ad
1138 1474 1197 1545 illa,

128 1573 250 1629 quorum
279 1553 435 1612 existentia
462 1557 498 1612 ab
527 1555 683 1613 eorundem
712 1555 838 1614 essentia
862 1574 921 1613 non
941 1554 1141 1629 distinguitur,
1163 1574 1199 1612 ac

127 1634 249 1710 proinde
270 1636 306 1691 ab
328 1653 426 1692 eorum
447 1634 613 1693 definitione
634 1635 823 1694 concluditur.
844 1635 907 1692 Imo
921 1635 1001 1693 nulla
1016 1634 1199 1710 experientia

127 1715 157 1771 id
186 1734 313 1789 unquam
334 1734 387 1772 nos
408 1714 528 1773 edocere
549 1715 672 1792 poterit:
694 1736 761 1774 nam
782 1715 963 1790 experientia
984 1715 1080 1774 nullas
1100 1734 1198 1773 rerum

128 1794 270 1852 essentias
291 1794 389 1866 docet,
412 1795 462 1852 sed
483 1814 634 1866 summum,
656 1797 732 1871 quod
754 1796 867 1854 efficere
888 1799 993 1871 potest,
1012 1801 1057 1853 est
1070 1799 1198 1853 mentem

128 1879 258 1932 nostram
287 1874 488 1948 determinare,
518 1879 550 1934 ut
578 1875 654 1934 circa
681 1880 776 1934 certas
802 1880 916 1934 tanturn
938 1895 1034 1934 rerum
1057 1874 1199 1933 essentias

128 1955 246 2029 cogitet.
277 1955 381 2026 Quare,
403 1974 467 2013 cum
489 1955 644 2014 existentia
665 1956 872 2015 attributorum
892 1957 929 2014 ab
951 1975 1049 2014 eorum
1072 1954 1199 2015 essentia

128 2055 188 2092 non
209 2035 331 2106 differat,
353 2055 416 2092 eam
438 2035 518 2093 nulla
539 2035 720 2111 experientia
740 2036 898 2112 poterimus
919 2035 1044 2110 assequi.

170 2115 251 2184 Quod
279 2134 365 2190 porro
393 2114 476 2190 petis,
500 2135 576 2173 anne
596 2135 643 2174 res
664 2115 760 2187 etiam,
783 2135 917 2174 rerumve
939 2115 1116 2186 affectiones
1138 2113 1198 2172 sint

129 2201 247 2254 aetennae
276 2194 437 2253 veritates?
464 2195 545 2266 Dico,
574 2195 699 2254 omnino.
729 2196 758 2253 Si
786 2195 905 2270 rogerie,
927 2214 978 2253 cur
999 2214 1049 2253 eas
1071 2198 1199 2253 aeternas

127 2275 268 2334 veritates
295 2295 354 2333 non
381 2280 474 2334 voco?
502 2277 671 2351 respondeo,
699 2281 733 2334 ut
753 2296 803 2334 eas
823 2275 1010 2350 distinguam,
1032 2274 1076 2333 uti
1097 2293 1197 2332 omnes

127 2357 231 2427 solent,
259 2358 296 2413 ab
316 2355 361 2426 iis,
384 2375 448 2430 quae
469 2357 577 2414 nullam
600 2375 661 2414 rem
682 2355 762 2414 reive
782 2355 963 2414 affectionem
984 2355 1142 2430 explicant,
1164 2358 1198 2412 ut

127 2456 173 2494 ex.
204 2456 247 2510 gr.
278 2456 297 2493 o
324 2437 414 2493 nihilo
434 2438 506 2494 nihil
526 2438 577 2512 fit;
597 2437 670 2506 haee,
691 2436 818 2511 inquam,
841 2435 1004 2512 similesque
1026 2434 1198 2511 propositio·

127 2536 179 2574 nes
207 2520 352 2574 vocantur
378 2517 508 2575 absolute
536 2521 655 2575 aeternae
683 2517 831 2588 veritates,
861 2518 915 2575 sub
942 2536 998 2592 quo
1023 2516 1096 2574 nihil
1118 2515 1197 2574 aliud

78 2592 80 2599 '
127 2596 292 2670 significare
312 2596 423 2667 volunt,
445 2617 530 2672 quam
552 2597 627 2672 quod
649 2597 720 2655 talia
741 2598 848 2656 nullam
870 2597 966 2655 sedem
987 2597 1097 2655 habent
1112 2600 1199 2654 extra

126 2681 261 2734 mantem.
283 2677 346 2734 Etc.

159 2783 199 2840 [D.
217 2783 383 2842 Rhenoburgi
400 2797 433 2830 m.
451 2784 504 2829 sere
521 2785 614 2830 Martio
632 2798 653 2830 a.
672 2785 750 2842 lesa]

427 3049 641 3107 EP1sroaa
672 3049 900 3124 XI(0a1nv111).

531 3155 698 3214 Clarissimo
726 3157 795 3215 Viro

595 3265 629 3322 B.
652 3283 680 3321 n.
703 3262 731 3320 S.

333 3369 575 3427 HENRIOUS
603 3367 985 3428 OLDENBURGIUS.

423 3477 578 3552 Responsio
600 3479 639 3535 ool
660 3477 821 3552 Epistolom
848 3477 897 3535 VI.

207 3586 446 3642 Proestontcasime
472 3584 532 3658 Vir,
555 3587 653 3642 Amice
678 3584 859 3654 carrissime,

166 3693 259 3750 Multa
287 3691 416 3766 equidem
445 3691 548 3749 afferre
568 3710 691 3766 possem,
712 3711 777 3767 quae
799 3691 966 3749 diuturnum
986 3710 1081 3749 meum
1103 3689 1190 3748 silen-

125 3772 197 3829 tium
226 3772 302 3847 apud
330 3776 360 3829 te
387 3775 577 3843 excusarent3
599 3772 648 3830 sed
670 3772 707 3830 ad
729 3772 785 3830 duo
806 3771 902 3847 capita
922 3790 1025 3829 causas
1045 3770 1123 3828 illius
1144 3789 1191 3828 re-

167 3869 206 3927 ll.
1036 3869 1072 3924 15
