<?xml version="1.0" encoding="UTF-8"?>
<!DOCTYPE html PUBLIC "-//W3C//DTD XHTML 1.0 Transitional//EN"
    "http://www.w3.org/TR/xhtml1/DTD/xhtml1-transitional.dtd">
<html xmlns="http://www.w3.org/1999/xhtml" xml:lang="en" lang="en">
 <head>
  <title>
</title>
<meta http-equiv="Content-Type" content="text/html;charset=utf-8" />
  <meta name='ocr-system' content='tesseract 3.04.00' />
  <meta name='ocr-capabilities' content='ocr_page ocr_carea ocr_par ocr_line ocrx_word'/>
</head>
<body>
  <div class='ocr_page' id='page_1' title='image "./operaquotquotre00landgoog_0339.png"; bbox 0 0 2662 4298; ppageno 0'>
   <div class='ocr_carea' id='block_1_1' title="bbox 184 306 834 364">
    <p class='ocr_par' dir='ltr' id='par_1_1' title="bbox 184 306 834 364">
     <span class='ocr_line' id='line_1_1' title="bbox 184 306 834 364; baseline 0 -1"><span class='ocrx_word' id='word_1_1' title='bbox 184 306 243 364; x_wconf 83' lang='lat'><strong>340</strong></span> <span class='ocrx_word' id='word_1_2' title='bbox 599 322 738 363; x_wconf 79' lang='lat' dir='ltr'><strong>rrnrom</strong></span> <span class='ocrx_word' id='word_1_3' title='bbox 758 323 834 363; x_wconf 83' lang='lat' dir='ltr'><strong>xm.</strong></span> 
     </span>
    </p>
   </div>
   <div class='ocr_carea' id='block_1_2' title="bbox 183 493 1218 570">
    <p class='ocr_par' dir='ltr' id='par_1_2' title="bbox 183 493 1218 570">
     <span class='ocr_line' id='line_1_2' title="bbox 183 493 1218 570; baseline 0.008 -19"><span class='ocrx_word' id='word_1_4' title='bbox 183 499 208 551; x_wconf 72' lang='lat' dir='ltr'><strong>et</strong></span> <span class='ocrx_word' id='word_1_5' title='bbox 240 494 323 567; x_wconf 71' lang='lat' dir='ltr'><strong>cnjm</strong></span> <span class='ocrx_word' id='word_1_6' title='bbox 354 511 471 550; x_wconf 81' lang='lat' dir='ltr'><strong>causam</strong></span> <span class='ocrx_word' id='word_1_7' title='bbox 503 493 604 568; x_wconf 51' lang='lat' dir='ltr'><strong>eremus</strong></span> <span class='ocrx_word' id='word_1_8' title='bbox 633 494 756 567; x_wconf 77' lang='lat' dir='ltr'><strong>ipnorat,</strong></span> <span class='ocrx_word' id='word_1_9' title='bbox 784 495 905 568; x_wconf 76' lang='lat' dir='ltr'><strong>evenit;</strong></span> <span class='ocrx_word' id='word_1_10' title='bbox 934 499 1218 570; x_wconf 84' lang='lat' dir='ltr'><strong>quemadmodun&#39;</strong></span> 
     </span>
    </p>
   </div>
   <div class='ocr_carea' id='block_1_3' title="bbox 184 560 1327 647">
    <p class='ocr_par' dir='ltr' id='par_1_3' title="bbox 184 560 1327 647">
     <span class='ocr_line' id='line_1_3' title="bbox 184 560 1327 647; baseline 0.006 -17"><span class='ocrx_word' id='word_1_11' title='bbox 184 573 289 646; x_wconf 82' lang='lat' dir='ltr'><strong>vulgus</strong></span> <span class='ocrx_word' id='word_1_12' title='bbox 320 591 437 647; x_wconf 87' lang='lat' dir='ltr'><strong>precum</strong></span> <span class='ocrx_word' id='word_1_13' title='bbox 469 571 580 630; x_wconf 91' lang='lat' dir='ltr'><strong>viribus</strong></span> <span class='ocrx_word' id='word_1_14' title='bbox 612 575 643 630; x_wconf 87' lang='lat' dir='ltr'><strong>et</strong></span> <span class='ocrx_word' id='word_1_15' title='bbox 673 570 815 645; x_wconf 80' lang='lat' dir='ltr'>singulari</span> <span class='ocrx_word' id='word_1_16' title='bbox 847 572 912 631; x_wconf 89' lang='lat' dir='ltr'><strong>Dei</strong></span> <span class='ocrx_word' id='word_1_17' title='bbox 946 576 1119 638; x_wconf 81' lang='lat' dir='ltr'><strong>directioni</strong></span> <span class='ocrx_word' id='word_1_18' title='bbox 1143 579 1230 647; x_wconf 70' lang='lat' dir='ltr'><strong>autc·</strong></span> <span class='ocrx_word' id='word_1_19' title='bbox 1306 560 1327 617; x_wconf 68' lang='lat' dir='ltr'><strong>ll</strong></span> 
     </span>
    </p>
   </div>
   <div class='ocr_carea' id='block_1_4' title="bbox 183 651 1233 813">
    <p class='ocr_par' dir='ltr' id='par_1_4' title="bbox 183 651 1233 813">
     <span class='ocr_line' id='line_1_4' title="bbox 184 651 1216 736; baseline 0.009 -26"><span class='ocrx_word' id='word_1_20' title='bbox 184 653 298 728; x_wconf 85' lang='lat' dir='ltr'><strong>quando</strong></span> <span class='ocrx_word' id='word_1_21' title='bbox 329 657 396 727; x_wconf 91' lang='lat' dir='ltr'><strong>post</strong></span> <span class='ocrx_word' id='word_1_22' title='bbox 426 651 483 710; x_wconf 84' lang='lat' dir='ltr'><strong>rite</strong></span> <span class='ocrx_word' id='word_1_23' title='bbox 514 657 669 728; x_wconf 86' lang='lat' dir='ltr'><strong>conceptas</strong></span> <span class='ocrx_word' id='word_1_24' title='bbox 698 669 808 726; x_wconf 81' lang='lat' dir='ltr'><strong>preces,</strong></span> <span class='ocrx_word' id='word_1_25' title='bbox 836 651 1019 716; x_wconf 81' lang='lat' dir='ltr'><strong>imminens</strong></span> <span class='ocrx_word' id='word_1_26' title='bbox 1041 659 1158 736; x_wconf 84' lang='lat' dir='ltr'><strong>aliquod</strong></span> <span class='ocrx_word' id='word_1_27' title='bbox 1180 689 1216 713; x_wconf 58' lang='lat' dir='ltr'><strong>co</strong></span> 
     </span>
     <span class='ocr_line' id='line_1_5' title="bbox 183 730 1233 813; baseline 0.011 -24"><span class='ocrx_word' id='word_1_28' title='bbox 183 732 382 807; x_wconf 78' lang='lat' dir='ltr'>propulsatum</span> <span class='ocrx_word' id='word_1_29' title='bbox 402 736 454 790; x_wconf 83' lang='lat' dir='ltr'><strong>sut</strong></span> <span class='ocrx_word' id='word_1_30' title='bbox 474 732 634 807; x_wconf 87' lang='lat' dir='ltr'><strong>expetitum</strong></span> <span class='ocrx_word' id='word_1_31' title='bbox 655 733 762 789; x_wconf 92' lang='lat' dir='ltr'><strong>bonum</strong></span> <span class='ocrx_word' id='word_1_32' title='bbox 781 730 837 789; x_wconf 87' lang='lat' dir='ltr'><strong>sibi</strong></span> <span class='ocrx_word' id='word_1_33' title='bbox 860 733 999 796; x_wconf 87' lang='lat' dir='ltr'><strong>videtur</strong></span> <span class='ocrx_word' id='word_1_34' title='bbox 1022 739 1186 813; x_wconf 79' lang='lat' dir='ltr'><strong>obtinuisse,</strong></span> <span class='ocrx_word' id='word_1_35' title='bbox 1201 760 1233 799; x_wconf 72' lang='lat' dir='ltr'>n</span> 
     </span>
    </p>
   </div>
   <div class='ocr_carea' id='block_1_5' title="bbox 1309 661 1322 716">
    <p class='ocr_par' dir='ltr' id='par_1_5' title="bbox 1309 661 1322 716">
     <span class='ocr_line' id='line_1_6' title="bbox 1309 661 1322 716; baseline 0 0"><span class='ocrx_word' id='word_1_36' title='bbox 1309 661 1322 716; x_wconf 85' lang='lat' dir='ltr'><strong>l</strong></span> 
     </span>
    </p>
   </div>
   <div class='ocr_carea' id='block_1_6' title="bbox 1311 728 1331 777">
    <p class='ocr_par' dir='ltr' id='par_1_6' title="bbox 1311 728 1331 777">
     <span class='ocr_line' id='line_1_7' title="bbox 1311 728 1331 777; baseline -0.25 0"><span class='ocrx_word' id='word_1_37' title='bbox 1311 728 1331 777; x_wconf 77' lang='lat' dir='ltr'><strong>l:</strong></span> 
     </span>
    </p>
   </div>
   <div class='ocr_carea' id='block_1_7' title="bbox 184 803 1331 966">
    <p class='ocr_par' dir='ltr' id='par_1_7' title="bbox 184 803 1331 966">
     <span class='ocr_line' id='line_1_8' title="bbox 184 803 1327 887; baseline 0.01 -18"><span class='ocrx_word' id='word_1_38' title='bbox 184 820 290 881; x_wconf 87' lang='lat' dir='ltr'><strong>tamen,</strong></span> <span class='ocrx_word' id='word_1_39' title='bbox 323 831 360 869; x_wconf 85' lang='lat' dir='ltr'><strong>ex</strong></span> <span class='ocrx_word' id='word_1_40' title='bbox 391 813 528 870; x_wconf 72' lang='lat' dir='ltr'><strong>Auctoris</strong></span> <span class='ocrx_word' id='word_1_41' title='bbox 559 811 712 883; x_wconf 83' lang='lat' dir='ltr'><strong>sententis,</strong></span> <span class='ocrx_word' id='word_1_42' title='bbox 745 812 825 869; x_wconf 89' lang='lat' dir='ltr'><strong>Deus</strong></span> <span class='ocrx_word' id='word_1_43' title='bbox 850 812 922 887; x_wconf 83' lang='lat' dir='ltr'><strong>jam</strong></span> <span class='ocrx_word' id='word_1_44' title='bbox 946 819 991 875; x_wconf 84' lang='lat' dir='ltr'><strong>ab</strong></span> <span class='ocrx_word' id='word_1_45' title='bbox 1017 823 1137 879; x_wconf 83' lang='lat' dir='ltr'><strong>aeterno</strong></span> <span class='ocrx_word' id='word_1_46' title='bbox 1154 821 1234 880; x_wconf 74' lang='lat' dir='ltr'><strong>aion</strong></span> <span class='ocrx_word' id='word_1_47' title='bbox 1313 803 1327 858; x_wconf 74' lang='lat' dir='ltr'><strong>l</strong></span> 
     </span>
     <span class='ocr_line' id='line_1_9' title="bbox 184 891 1331 966; baseline 0.01 -17"><span class='ocrx_word' id='word_1_48' title='bbox 184 891 353 963; x_wconf 87' lang='lat' dir='ltr'><strong>decreverit,</strong></span> <span class='ocrx_word' id='word_1_49' title='bbox 383 898 416 950; x_wconf 89' lang='lat' dir='ltr'><strong>ut</strong></span> <span class='ocrx_word' id='word_1_50' title='bbox 437 912 471 950; x_wconf 89' lang='lat' dir='ltr'><strong>ea</strong></span> <span class='ocrx_word' id='word_1_51' title='bbox 492 892 651 962; x_wconf 86' lang='lat' dir='ltr'><strong>evenirent,</strong></span> <span class='ocrx_word' id='word_1_52' title='bbox 673 911 738 966; x_wconf 84' lang='lat' dir='ltr'><strong>quae</strong></span> <span class='ocrx_word' id='word_1_53' title='bbox 759 892 869 966; x_wconf 86' lang='lat' dir='ltr'><strong>vulgus</strong></span> <span class='ocrx_word' id='word_1_54' title='bbox 892 893 1090 959; x_wconf 85' lang='lat' dir='ltr'><strong>interventu</strong></span> <span class='ocrx_word' id='word_1_55' title='bbox 1110 906 1141 960; x_wconf 93' lang='lat' dir='ltr'><strong>et</strong></span> <span class='ocrx_word' id='word_1_56' title='bbox 1158 902 1235 960; x_wconf 71' lang='lat' dir='ltr'><strong>alden</strong></span> <span class='ocrx_word' id='word_1_57' title='bbox 1316 901 1331 938; x_wconf 68' lang='lat'><strong>¹¹</strong></span> 
     </span>
    </p>
   </div>
   <div class='ocr_carea' id='block_1_8' title="bbox 180 971 1269 3839">
    <p class='ocr_par' dir='ltr' id='par_1_8' title="bbox 184 971 1236 1128">
     <span class='ocr_line' id='line_1_10' title="bbox 184 971 1236 1056; baseline 0.013 -28"><span class='ocrx_word' id='word_1_58' title='bbox 184 971 331 1029; x_wconf 85' lang='lat' dir='ltr'><strong>existimat</strong></span> <span class='ocrx_word' id='word_1_59' title='bbox 365 972 516 1031; x_wconf 90' lang='lat' dir='ltr'><strong>evenisse:</strong></span> <span class='ocrx_word' id='word_1_60' title='bbox 549 992 613 1030; x_wconf 91' lang='lat' dir='ltr'><strong>cum</strong></span> <span class='ocrx_word' id='word_1_61' title='bbox 644 990 744 1047; x_wconf 89' lang='lat' dir='ltr'><strong>preces</strong></span> <span class='ocrx_word' id='word_1_62' title='bbox 774 991 835 1030; x_wconf 90' lang='lat' dir='ltr'><strong>non</strong></span> <span class='ocrx_word' id='word_1_63' title='bbox 865 973 938 1033; x_wconf 88' lang='lat' dir='ltr'><strong>sint</strong></span> <span class='ocrx_word' id='word_1_64' title='bbox 970 998 1076 1039; x_wconf 83' lang='lat' dir='ltr'><strong>causa</strong></span> <span class='ocrx_word' id='word_1_65' title='bbox 1098 981 1236 1056; x_wconf 60' lang='lat' dir='ltr'><strong>decredsl</strong></span> 
     </span>
     <span class='ocr_line' id='line_1_11' title="bbox 184 1052 648 1128; baseline 0.002 -19"><span class='ocrx_word' id='word_1_66' title='bbox 184 1052 331 1110; x_wconf 89' lang='lat' dir='ltr'><strong>decretum</strong></span> <span class='ocrx_word' id='word_1_67' title='bbox 353 1052 391 1110; x_wconf 90' lang='lat' dir='ltr'><strong>sit</strong></span> <span class='ocrx_word' id='word_1_68' title='bbox 412 1072 501 1110; x_wconf 85' lang='lat' dir='ltr'><strong>causa</strong></span> <span class='ocrx_word' id='word_1_69' title='bbox 520 1072 648 1128; x_wconf 88' lang='lat' dir='ltr'><strong>precum.</strong></span> 
     </span>
    </p>

    <p class='ocr_par' dir='ltr' id='par_1_9' title="bbox 180 1130 1269 3839">
     <span class='ocr_line' id='line_1_12' title="bbox 223 1130 1238 1214; baseline 0.01 -24"><span class='ocrx_word' id='word_1_70' title='bbox 223 1133 327 1190; x_wconf 84' lang='lat' dir='ltr'><strong>Totum</strong></span> <span class='ocrx_word' id='word_1_71' title='bbox 363 1132 433 1190; x_wconf 90' lang='lat' dir='ltr'><strong>illud</strong></span> <span class='ocrx_word' id='word_1_72' title='bbox 465 1133 500 1190; x_wconf 89' lang='lat' dir='ltr'><strong>de</strong></span> <span class='ocrx_word' id='word_1_73' title='bbox 531 1133 601 1202; x_wconf 89' lang='lat' dir='ltr'><strong>fato,</strong></span> <span class='ocrx_word' id='word_1_74' title='bbox 635 1137 665 1190; x_wconf 89' lang='lat' dir='ltr'><strong>et</strong></span> <span class='ocrx_word' id='word_1_75' title='bbox 694 1150 789 1190; x_wconf 87' lang='lat' dir='ltr'><strong>rerum</strong></span> <span class='ocrx_word' id='word_1_76' title='bbox 821 1130 979 1196; x_wconf 87' lang='lat' dir='ltr'><strong>indomita</strong></span> <span class='ocrx_word' id='word_1_77' title='bbox 1010 1142 1238 1214; x_wconf 69' lang='lat' dir='ltr'><strong>necessitatem</strong></span> 
     </span>
     <span class='ocr_line' id='line_1_13' title="bbox 184 1213 1239 1299; baseline 0.007 -29"><span class='ocrx_word' id='word_1_78' title='bbox 184 1213 278 1288; x_wconf 87' lang='lat' dir='ltr'><strong>quoad</strong></span> <span class='ocrx_word' id='word_1_79' title='bbox 304 1216 425 1271; x_wconf 88' lang='lat' dir='ltr'><strong>naturas</strong></span> <span class='ocrx_word' id='word_1_80' title='bbox 446 1233 532 1287; x_wconf 91' lang='lat' dir='ltr'><strong>quam</strong></span> <span class='ocrx_word' id='word_1_81' title='bbox 553 1213 648 1288; x_wconf 85' lang='lat' dir='ltr'><strong>quoad</strong></span> <span class='ocrx_word' id='word_1_82' title='bbox 669 1216 804 1270; x_wconf 88' lang='lat' dir='ltr'><strong>eventum</strong></span> <span class='ocrx_word' id='word_1_83' title='bbox 824 1232 942 1286; x_wconf 84' lang='lat' dir='ltr'><strong>rerum,</strong></span> <span class='ocrx_word' id='word_1_84' title='bbox 968 1238 1046 1294; x_wconf 81' lang='lat' dir='ltr'><strong>quae</strong></span> <span class='ocrx_word' id='word_1_85' title='bbox 1069 1223 1193 1299; x_wconf 72' lang='lat' dir='ltr'><strong>quotidie</strong></span> <span class='ocrx_word' id='word_1_86' title='bbox 1206 1242 1239 1282; x_wconf 71' lang='lat' dir='ltr'><strong>en</strong></span> 
     </span>
     <span class='ocr_line' id='line_1_14' title="bbox 183 1292 1241 1378; baseline 0.01 -28"><span class='ocrx_word' id='word_1_87' title='bbox 183 1293 312 1368; x_wconf 83' lang='lat' dir='ltr'><strong>tingunt,</strong></span> <span class='ocrx_word' id='word_1_88' title='bbox 334 1293 438 1351; x_wconf 86' lang='lat' dir='ltr'><strong>fundat</strong></span> <span class='ocrx_word' id='word_1_89' title='bbox 458 1293 488 1350; x_wconf 89' lang='lat' dir='ltr'><strong>in</strong></span> <span class='ocrx_word' id='word_1_90' title='bbox 510 1297 616 1351; x_wconf 86' lang='lat' dir='ltr'><strong>natura</strong></span> <span class='ocrx_word' id='word_1_91' title='bbox 636 1292 709 1362; x_wconf 90' lang='lat' dir='ltr'><strong>Dei;</strong></span> <span class='ocrx_word' id='word_1_92' title='bbox 735 1293 788 1364; x_wconf 88' lang='lat' dir='ltr'><strong>vel,</strong></span> <span class='ocrx_word' id='word_1_93' title='bbox 810 1297 844 1350; x_wconf 92' lang='lat' dir='ltr'><strong>ut</strong></span> <span class='ocrx_word' id='word_1_94' title='bbox 865 1294 986 1356; x_wconf 71' lang='lat' dir='ltr'><strong>claudus</strong></span> <span class='ocrx_word' id='word_1_95' title='bbox 1001 1300 1241 1378; x_wconf 80' lang='lat' dir='ltr'><strong>loquar,innulur</strong></span> 
     </span>
     <span class='ocr_line' id='line_1_15' title="bbox 183 1372 1241 1453; baseline 0.014 -23"><span class='ocrx_word' id='word_1_96' title='bbox 183 1373 237 1432; x_wconf 89' lang='lat' dir='ltr'><strong>Dei</strong></span> <span class='ocrx_word' id='word_1_97' title='bbox 268 1372 428 1432; x_wconf 88' lang='lat' dir='ltr'><strong>voluntatis</strong></span> <span class='ocrx_word' id='word_1_98' title='bbox 459 1377 547 1449; x_wconf 84' lang='lat' dir='ltr'><strong>utque</strong></span> <span class='ocrx_word' id='word_1_99' title='bbox 574 1373 747 1443; x_wconf 88' lang='lat' dir='ltr'><strong>intellectus,</strong></span> <span class='ocrx_word' id='word_1_100' title='bbox 769 1392 834 1448; x_wconf 84' lang='lat' dir='ltr'><strong>quae</strong></span> <span class='ocrx_word' id='word_1_101' title='bbox 857 1373 988 1448; x_wconf 90' lang='lat' dir='ltr'><strong>quidem</strong></span> <span class='ocrx_word' id='word_1_102' title='bbox 1010 1382 1142 1443; x_wconf 89' lang='lat' dir='ltr'><strong>nomine</strong></span> <span class='ocrx_word' id='word_1_103' title='bbox 1160 1385 1241 1453; x_wconf 68' lang='lat' dir='ltr'><strong>divos</strong></span> 
     </span>
     <span class='ocr_line' id='line_1_16' title="bbox 183 1452 1242 1536; baseline 0.012 -25"><span class='ocrx_word' id='word_1_104' title='bbox 183 1454 233 1511; x_wconf 90' lang='lat' dir='ltr'><strong>sed</strong></span> <span class='ocrx_word' id='word_1_105' title='bbox 264 1454 294 1511; x_wconf 93' lang='lat' dir='ltr'><strong>in</strong></span> <span class='ocrx_word' id='word_1_106' title='bbox 326 1454 387 1512; x_wconf 89' lang='lat' dir='ltr'><strong>Deo</strong></span> <span class='ocrx_word' id='word_1_107' title='bbox 419 1473 450 1510; x_wconf 91' lang='lat' dir='ltr'><strong>re</strong></span> <span class='ocrx_word' id='word_1_108' title='bbox 481 1453 545 1528; x_wconf 88' lang='lat' dir='ltr'><strong>ipsa</strong></span> <span class='ocrx_word' id='word_1_109' title='bbox 575 1452 760 1511; x_wconf 89' lang='lat' dir='ltr'><strong>conveniunt.</strong></span> <span class='ocrx_word' id='word_1_110' title='bbox 791 1452 903 1511; x_wconf 80' lang='lat' dir='ltr'><strong>Statuit</strong></span> <span class='ocrx_word' id='word_1_111' title='bbox 933 1456 1087 1536; x_wconf 86' lang='lat' dir='ltr'><strong>ideoque,</strong></span> <span class='ocrx_word' id='word_1_112' title='bbox 1110 1465 1196 1523; x_wconf 90' lang='lat' dir='ltr'><strong>Deum</strong></span> <span class='ocrx_word' id='word_1_113' title='bbox 1210 1470 1242 1522; x_wconf 83' lang='lat' dir='ltr'><strong>u</strong></span> 
     </span>
     <span class='ocr_line' id='line_1_17' title="bbox 184 1532 1243 1611; baseline 0.014 -21"><span class='ocrx_word' id='word_1_114' title='bbox 184 1533 346 1591; x_wconf 87' lang='lat' dir='ltr'><strong>necessario</strong></span> <span class='ocrx_word' id='word_1_115' title='bbox 374 1534 428 1591; x_wconf 93' lang='lat' dir='ltr'><strong>hoc</strong></span> <span class='ocrx_word' id='word_1_116' title='bbox 449 1534 626 1604; x_wconf 88' lang='lat' dir='ltr'><strong>universum,</strong></span> <span class='ocrx_word' id='word_1_117' title='bbox 649 1539 678 1591; x_wconf 88' lang='lat' dir='ltr'><strong>et</strong></span> <span class='ocrx_word' id='word_1_118' title='bbox 699 1532 834 1609; x_wconf 89' lang='lat' dir='ltr'><strong>quicquid</strong></span> <span class='ocrx_word' id='word_1_119' title='bbox 855 1539 1039 1600; x_wconf 85' lang='lat' dir='ltr'><strong>successive</strong></span> <span class='ocrx_word' id='word_1_120' title='bbox 1062 1543 1099 1602; x_wconf 91' lang='lat' dir='ltr'><strong>in</strong></span> <span class='ocrx_word' id='word_1_121' title='bbox 1120 1565 1156 1604; x_wconf 92' lang='lat' dir='ltr'><strong>eo</strong></span> <span class='ocrx_word' id='word_1_122' title='bbox 1174 1542 1243 1611; x_wconf 73' lang='lat' dir='ltr'><strong>sveni,</strong></span> 
     </span>
     <span class='ocr_line' id='line_1_18' title="bbox 183 1613 1245 1700; baseline 0.011 -31"><span class='ocrx_word' id='word_1_123' title='bbox 183 1613 316 1682; x_wconf 85' lang='lat' dir='ltr'><strong>voluisse,</strong></span> <span class='ocrx_word' id='word_1_124' title='bbox 349 1631 434 1687; x_wconf 87' lang='lat' dir='ltr'><strong>quam</strong></span> <span class='ocrx_word' id='word_1_125' title='bbox 465 1613 627 1672; x_wconf 87' lang='lat' dir='ltr'><strong>necessario</strong></span> <span class='ocrx_word' id='word_1_126' title='bbox 658 1614 714 1671; x_wconf 88' lang='lat' dir='ltr'><strong>hoo</strong></span> <span class='ocrx_word' id='word_1_127' title='bbox 742 1613 818 1671; x_wconf 89' lang='lat' dir='ltr'><strong>idern</strong></span> <span class='ocrx_word' id='word_1_128' title='bbox 848 1613 1036 1680; x_wconf 88' lang='lat' dir='ltr'><strong>universum</strong></span> <span class='ocrx_word' id='word_1_129' title='bbox 1068 1621 1245 1700; x_wconf 75' lang='lat' dir='ltr'><strong>cognoscitd</strong></span> 
     </span>
     <span class='ocr_line' id='line_1_19' title="bbox 183 1692 1245 1781; baseline 0.015 -32"><span class='ocrx_word' id='word_1_130' title='bbox 183 1693 262 1750; x_wconf 89' lang='lat' dir='ltr'><strong>Deus</strong></span> <span class='ocrx_word' id='word_1_131' title='bbox 287 1698 382 1750; x_wconf 88' lang='lat' dir='ltr'><strong>autem</strong></span> <span class='ocrx_word' id='word_1_132' title='bbox 405 1693 567 1752; x_wconf 88' lang='lat' dir='ltr'><strong>necessario</strong></span> <span class='ocrx_word' id='word_1_133' title='bbox 589 1692 738 1768; x_wconf 83' lang='lat' dir='ltr'><strong>cognoscit</strong></span> <span class='ocrx_word' id='word_1_134' title='bbox 758 1693 812 1751; x_wconf 90' lang='lat' dir='ltr'><strong>hoc</strong></span> <span class='ocrx_word' id='word_1_135' title='bbox 832 1693 1019 1758; x_wconf 83' lang='lat' dir='ltr'><strong>universum</strong></span> <span class='ocrx_word' id='word_1_136' title='bbox 1043 1704 1172 1781; x_wconf 83' lang='lat' dir='ltr'><strong>ejusque</strong></span> <span class='ocrx_word' id='word_1_137' title='bbox 1187 1706 1245 1780; x_wconf 68' lang='lat' dir='ltr'><strong>loga</strong></span> 
     </span>
     <span class='ocr_line' id='line_1_20' title="bbox 184 1772 1246 1858; baseline 0.016 -28"><span class='ocrx_word' id='word_1_138' title='bbox 184 1776 216 1830; x_wconf 90' lang='lat' dir='ltr'><strong>ut</strong></span> <span class='ocrx_word' id='word_1_139' title='bbox 245 1777 275 1830; x_wconf 91' lang='lat' dir='ltr'><strong>et</strong></span> <span class='ocrx_word' id='word_1_140' title='bbox 303 1772 443 1831; x_wconf 89' lang='lat' dir='ltr'><strong>veritates</strong></span> <span class='ocrx_word' id='word_1_141' title='bbox 463 1778 588 1833; x_wconf 80' lang='lat' dir='ltr'><strong>aeternas</strong></span> <span class='ocrx_word' id='word_1_142' title='bbox 609 1774 645 1831; x_wconf 92' lang='lat' dir='ltr'><strong>iis</strong></span> <span class='ocrx_word' id='word_1_143' title='bbox 665 1773 778 1848; x_wconf 84' lang='lat' dir='ltr'><strong>legibus</strong></span> <span class='ocrx_word' id='word_1_144' title='bbox 798 1777 970 1848; x_wconf 83' lang='lat' dir='ltr'><strong>contentus,</strong></span> <span class='ocrx_word' id='word_1_145' title='bbox 997 1785 1167 1858; x_wconf 83' lang='lat' dir='ltr'><strong>concludit,</strong></span> <span class='ocrx_word' id='word_1_146' title='bbox 1185 1787 1246 1851; x_wconf 74' lang='lat' dir='ltr'><strong>Dein</strong></span> 
     </span>
     <span class='ocr_line' id='line_1_21' title="bbox 183 1852 1248 1939; baseline 0.009 -29"><span class='ocrx_word' id='word_1_147' title='bbox 183 1852 261 1910; x_wconf 88' lang='lat' dir='ltr'><strong>aliud</strong></span> <span class='ocrx_word' id='word_1_148' title='bbox 292 1853 460 1911; x_wconf 89' lang='lat' dir='ltr'><strong>universum</strong></span> <span class='ocrx_word' id='word_1_149' title='bbox 492 1874 548 1912; x_wconf 92' lang='lat' dir='ltr'><strong>non</strong></span> <span class='ocrx_word' id='word_1_150' title='bbox 581 1854 675 1929; x_wconf 85' lang='lat' dir='ltr'><strong>magis</strong></span> <span class='ocrx_word' id='word_1_151' title='bbox 706 1854 828 1912; x_wconf 87' lang='lat' dir='ltr'><strong>condere</strong></span> <span class='ocrx_word' id='word_1_152' title='bbox 855 1855 1006 1931; x_wconf 87' lang='lat' dir='ltr'><strong>potuisse,</strong></span> <span class='ocrx_word' id='word_1_153' title='bbox 1040 1883 1139 1939; x_wconf 83' lang='lat' dir='ltr'><strong>quam</strong></span> <span class='ocrx_word' id='word_1_154' title='bbox 1159 1870 1248 1925; x_wconf 75' lang='lat' dir='ltr'><strong>naturus</strong></span> 
     </span>
     <span class='ocr_line' id='line_1_22' title="bbox 185 1933 1248 2016; baseline 0.012 -26"><span class='ocrx_word' id='word_1_155' title='bbox 185 1952 280 1991; x_wconf 91' lang='lat' dir='ltr'><strong>rernm</strong></span> <span class='ocrx_word' id='word_1_156' title='bbox 309 1939 449 2004; x_wconf 86' lang='lat' dir='ltr'><strong>evertere,</strong></span> <span class='ocrx_word' id='word_1_157' title='bbox 482 1938 512 1992; x_wconf 90' lang='lat' dir='ltr'><strong>et</strong></span> <span class='ocrx_word' id='word_1_158' title='bbox 532 1935 636 2002; x_wconf 87' lang='lat' dir='ltr'><strong>facere,</strong></span> <span class='ocrx_word' id='word_1_159' title='bbox 659 1938 691 1992; x_wconf 90' lang='lat' dir='ltr'><strong>ut</strong></span> <span class='ocrx_word' id='word_1_160' title='bbox 711 1933 755 1992; x_wconf 91' lang='lat' dir='ltr'><strong>bis</strong></span> <span class='ocrx_word' id='word_1_161' title='bbox 776 1938 821 1991; x_wconf 90' lang='lat' dir='ltr'><strong>ter</strong></span> <span class='ocrx_word' id='word_1_162' title='bbox 841 1933 902 1991; x_wconf 91' lang='lat' dir='ltr'><strong>sint</strong></span> <span class='ocrx_word' id='word_1_163' title='bbox 923 1944 1060 2014; x_wconf 86' lang='lat' dir='ltr'><strong>septem.</strong></span> <span class='ocrx_word' id='word_1_164' title='bbox 1087 1945 1248 2016; x_wconf 81' lang='lat' dir='ltr'><strong>Quemsdno</strong></span> 
     </span>
     <span class='ocr_line' id='line_1_23' title="bbox 183 2013 1248 2096; baseline 0.01 -25"><span class='ocrx_word' id='word_1_165' title='bbox 183 2014 250 2071; x_wconf 88' lang='lat' dir='ltr'><strong>dum</strong></span> <span class='ocrx_word' id='word_1_166' title='bbox 282 2013 380 2090; x_wconf 87' lang='lat' dir='ltr'><strong>itaque</strong></span> <span class='ocrx_word' id='word_1_167' title='bbox 411 2035 465 2073; x_wconf 89' lang='lat' dir='ltr'><strong>nos</strong></span> <span class='ocrx_word' id='word_1_168' title='bbox 493 2017 529 2073; x_wconf 82' lang='lat' dir='ltr'><strong>ab</strong></span> <span class='ocrx_word' id='word_1_169' title='bbox 560 2016 615 2072; x_wconf 91' lang='lat' dir='ltr'><strong>hoc</strong></span> <span class='ocrx_word' id='word_1_170' title='bbox 646 2014 789 2085; x_wconf 89' lang='lat' dir='ltr'><strong>universo,</strong></span> <span class='ocrx_word' id='word_1_171' title='bbox 811 2013 934 2089; x_wconf 90' lang='lat' dir='ltr'><strong>ejusque</strong></span> <span class='ocrx_word' id='word_1_172' title='bbox 954 2018 1096 2096; x_wconf 85' lang='lat' dir='ltr'><strong>legibus,</strong></span> <span class='ocrx_word' id='word_1_173' title='bbox 1120 2026 1248 2086; x_wconf 59' lang='lat' dir='ltr'><strong>mundun</strong></span> 
     </span>
     <span class='ocr_line' id='line_1_24' title="bbox 185 2094 1249 2182; baseline 0.015 -30"><span class='ocrx_word' id='word_1_174' title='bbox 185 2114 258 2169; x_wconf 88' lang='lat' dir='ltr'><strong>quas</strong></span> <span class='ocrx_word' id='word_1_175' title='bbox 279 2100 362 2153; x_wconf 91' lang='lat' dir='ltr'><strong>ortus</strong></span> <span class='ocrx_word' id='word_1_176' title='bbox 383 2103 413 2153; x_wconf 92' lang='lat' dir='ltr'><strong>et</strong></span> <span class='ocrx_word' id='word_1_177' title='bbox 433 2094 568 2152; x_wconf 91' lang='lat' dir='ltr'><strong>interitus</strong></span> <span class='ocrx_word' id='word_1_178' title='bbox 589 2113 685 2152; x_wconf 88' lang='lat' dir='ltr'><strong>rerum</strong></span> <span class='ocrx_word' id='word_1_179' title='bbox 706 2095 788 2164; x_wconf 92' lang='lat' dir='ltr'><strong>fiunt,</strong></span> <span class='ocrx_word' id='word_1_180' title='bbox 810 2113 868 2151; x_wconf 93' lang='lat' dir='ltr'><strong>non</strong></span> <span class='ocrx_word' id='word_1_181' title='bbox 882 2096 1041 2169; x_wconf 87' lang='lat' dir='ltr'><strong>possimus</strong></span> <span class='ocrx_word' id='word_1_182' title='bbox 1057 2105 1175 2182; x_wconf 85' lang='lat' dir='ltr'><strong>aliquid</strong></span> <span class='ocrx_word' id='word_1_183' title='bbox 1184 2107 1249 2165; x_wconf 77' lang='lat' dir='ltr'><strong>divo</strong></span> 
     </span>
     <span class='ocr_line' id='line_1_25' title="bbox 184 2173 1249 2263; baseline 0.008 -31"><span class='ocrx_word' id='word_1_184' title='bbox 184 2194 246 2233; x_wconf 91' lang='lat' dir='ltr'><strong>sum</strong></span> <span class='ocrx_word' id='word_1_185' title='bbox 274 2175 432 2250; x_wconf 77' lang='lat' dir='ltr'><strong>concipere,</strong></span> <span class='ocrx_word' id='word_1_186' title='bbox 455 2176 504 2232; x_wconf 90' lang='lat' dir='ltr'><strong>sed</strong></span> <span class='ocrx_word' id='word_1_187' title='bbox 525 2174 659 2249; x_wconf 89' lang='lat' dir='ltr'><strong>quicquid</strong></span> <span class='ocrx_word' id='word_1_188' title='bbox 680 2173 844 2249; x_wconf 89' lang='lat' dir='ltr'><strong>hujusmodi</strong></span> <span class='ocrx_word' id='word_1_189' title='bbox 864 2193 881 2230; x_wconf 87' lang='lat' dir='ltr'><strong>a</strong></span> <span class='ocrx_word' id='word_1_190' title='bbox 902 2177 993 2236; x_wconf 89' lang='lat' dir='ltr'><strong>nobis</strong></span> <span class='ocrx_word' id='word_1_191' title='bbox 1018 2183 1102 2259; x_wconf 86' lang='lat' dir='ltr'><strong>fingi</strong></span> <span class='ocrx_word' id='word_1_192' title='bbox 1123 2187 1217 2263; x_wconf 78' lang='lat' dir='ltr'><strong>possit,</strong></span> <span class='ocrx_word' id='word_1_193' title='bbox 1232 2184 1249 2242; x_wconf 89' lang='lat' dir='ltr'><strong>id</strong></span> 
     </span>
     <span class='ocr_line' id='line_1_26' title="bbox 180 2255 1251 2333; baseline 0.014 -20"><span class='ocrx_word' id='word_1_194' title='bbox 180 2255 275 2330; x_wconf 86' lang='lat' dir='ltr'><strong>ipsum</strong></span> <span class='ocrx_word' id='word_1_195' title='bbox 307 2276 338 2313; x_wconf 92' lang='lat' dir='ltr'><strong>se</strong></span> <span class='ocrx_word' id='word_1_196' title='bbox 369 2259 555 2324; x_wconf 78' lang='lat' dir='ltr'><strong>subvertere3</strong></span> <span class='ocrx_word' id='word_1_197' title='bbox 590 2255 636 2312; x_wconf 80' lang='lat' dir='ltr'><strong>Sic</strong></span> <span class='ocrx_word' id='word_1_198' title='bbox 665 2255 757 2326; x_wconf 88' lang='lat' dir='ltr'><strong>docet,</strong></span> <span class='ocrx_word' id='word_1_199' title='bbox 789 2259 924 2312; x_wconf 87' lang='lat' dir='ltr'><strong>naturam</strong></span> <span class='ocrx_word' id='word_1_200' title='bbox 960 2258 1065 2321; x_wconf 89' lang='lat' dir='ltr'><strong>divini</strong></span> <span class='ocrx_word' id='word_1_201' title='bbox 1100 2267 1251 2333; x_wconf 76' lang='lat' dir='ltr'><strong>intellectus,</strong></span> 
     </span>
     <span class='ocr_line' id='line_1_27' title="bbox 180 2335 1253 2420; baseline 0.009 -28"><span class='ocrx_word' id='word_1_202' title='bbox 180 2335 327 2411; x_wconf 84' lang='lat' dir='ltr'><strong>totiusque</strong></span> <span class='ocrx_word' id='word_1_203' title='bbox 359 2336 495 2405; x_wconf 89' lang='lat' dir='ltr'><strong>universi,</strong></span> <span class='ocrx_word' id='word_1_204' title='bbox 528 2355 683 2410; x_wconf 86' lang='lat' dir='ltr'><strong>earumque</strong></span> <span class='ocrx_word' id='word_1_205' title='bbox 714 2336 820 2409; x_wconf 83' lang='lat' dir='ltr'><strong>legum,</strong></span> <span class='ocrx_word' id='word_1_206' title='bbox 853 2337 1020 2399; x_wconf 88' lang='lat' dir='ltr'><strong>secundum</strong></span> <span class='ocrx_word' id='word_1_207' title='bbox 1057 2365 1139 2420; x_wconf 82' lang='lat' dir='ltr'><strong>quas</strong></span> <span class='ocrx_word' id='word_1_208' title='bbox 1166 2349 1253 2406; x_wconf 74' lang='lat' dir='ltr'><strong>Natura</strong></span> 
     </span>
     <span class='ocr_line' id='line_1_28' title="bbox 181 2415 1253 2498; baseline 0.01 -25"><span class='ocrx_word' id='word_1_209' title='bbox 181 2417 319 2490; x_wconf 91' lang='lat' dir='ltr'><strong>procedit,</strong></span> <span class='ocrx_word' id='word_1_210' title='bbox 351 2416 393 2474; x_wconf 90' lang='lat' dir='ltr'><strong>ita</strong></span> <span class='ocrx_word' id='word_1_211' title='bbox 425 2420 620 2490; x_wconf 83' lang='lat' dir='ltr'><strong>comparatam</strong></span> <span class='ocrx_word' id='word_1_212' title='bbox 653 2435 724 2486; x_wconf 87' lang='lat' dir='ltr'><strong>esse,</strong></span> <span class='ocrx_word' id='word_1_213' title='bbox 747 2419 780 2473; x_wconf 92' lang='lat' dir='ltr'><strong>ut</strong></span> <span class='ocrx_word' id='word_1_214' title='bbox 800 2415 879 2472; x_wconf 89' lang='lat' dir='ltr'><strong>Deus</strong></span> <span class='ocrx_word' id='word_1_215' title='bbox 901 2435 961 2474; x_wconf 86' lang='lat' dir='ltr'><strong>nen</strong></span> <span class='ocrx_word' id='word_1_216' title='bbox 984 2426 1094 2498; x_wconf 83' lang='lat' dir='ltr'><strong>magis</strong></span> <span class='ocrx_word' id='word_1_217' title='bbox 1118 2448 1173 2486; x_wconf 91' lang='lat' dir='ltr'><strong>suo</strong></span> <span class='ocrx_word' id='word_1_218' title='bbox 1193 2427 1253 2486; x_wconf 80' lang='lat' dir='ltr'><strong>intel·</strong></span> 
     </span>
     <span class='ocr_line' id='line_1_29' title="bbox 181 2494 1265 2579; baseline 0.012 -27"><span class='ocrx_word' id='word_1_219' title='bbox 181 2496 258 2553; x_wconf 90' lang='lat' dir='ltr'><strong>lectu</strong></span> <span class='ocrx_word' id='word_1_220' title='bbox 279 2496 352 2554; x_wconf 89' lang='lat' dir='ltr'><strong>ullas</strong></span> <span class='ocrx_word' id='word_1_221' title='bbox 373 2516 420 2553; x_wconf 90' lang='lat' dir='ltr'><strong>res</strong></span> <span class='ocrx_word' id='word_1_222' title='bbox 440 2496 602 2570; x_wconf 83' lang='lat' dir='ltr'><strong>intelligere</strong></span> <span class='ocrx_word' id='word_1_223' title='bbox 624 2495 751 2570; x_wconf 89' lang='lat' dir='ltr'><strong>potuerit</strong></span> <span class='ocrx_word' id='word_1_224' title='bbox 772 2498 808 2553; x_wconf 88' lang='lat' dir='ltr'><strong>ab</strong></span> <span class='ocrx_word' id='word_1_225' title='bbox 830 2494 883 2565; x_wconf 82' lang='lat' dir='ltr'><strong>his,</strong></span> <span class='ocrx_word' id='word_1_226' title='bbox 906 2515 972 2569; x_wconf 86' lang='lat' dir='ltr'><strong>quae</strong></span> <span class='ocrx_word' id='word_1_227' title='bbox 984 2519 1075 2563; x_wconf 90' lang='lat' dir='ltr'><strong>nunc</strong></span> <span class='ocrx_word' id='word_1_228' title='bbox 1087 2514 1172 2579; x_wconf 92' lang='lat' dir='ltr'><strong>sunt,</strong></span> <span class='ocrx_word' id='word_1_229' title='bbox 1185 2503 1265 2567; x_wconf 84' lang='lat' dir='ltr'><strong>diver·¹</strong></span> 
     </span>
     <span class='ocr_line' id='line_1_30' title="bbox 183 2576 1255 2651; baseline 0.01 -18"><span class='ocrx_word' id='word_1_230' title='bbox 183 2595 239 2645; x_wconf 88' lang='lat' dir='ltr'><strong>sas,</strong></span> <span class='ocrx_word' id='word_1_231' title='bbox 273 2596 357 2649; x_wconf 68' lang='lat' dir='ltr'><strong>qutun</strong></span> <span class='ocrx_word' id='word_1_232' title='bbox 389 2576 451 2632; x_wconf 87' lang='lat' dir='ltr'><strong>fieri</strong></span> <span class='ocrx_word' id='word_1_233' title='bbox 480 2577 578 2650; x_wconf 84' lang='lat' dir='ltr'><strong>possit,</strong></span> <span class='ocrx_word' id='word_1_234' title='bbox 611 2581 644 2634; x_wconf 88' lang='lat' dir='ltr'><strong>ut</strong></span> <span class='ocrx_word' id='word_1_235' title='bbox 675 2595 722 2633; x_wconf 87' lang='lat' dir='ltr'><strong>res</strong></span> <span class='ocrx_word' id='word_1_236' title='bbox 754 2595 830 2633; x_wconf 89' lang='lat' dir='ltr'><strong>nunc</strong></span> <span class='ocrx_word' id='word_1_237' title='bbox 861 2594 878 2632; x_wconf 93' lang='lat' dir='ltr'><strong>a</strong></span> <span class='ocrx_word' id='word_1_238' title='bbox 907 2576 1014 2651; x_wconf 88' lang='lat' dir='ltr'><strong>seipsis</strong></span> <span class='ocrx_word' id='word_1_239' title='bbox 1051 2585 1120 2645; x_wconf 91' lang='lat' dir='ltr'><strong>sint</strong></span> <span class='ocrx_word' id='word_1_240' title='bbox 1143 2590 1255 2648; x_wconf 79' lang='lat' dir='ltr'><strong>diversa.</strong></span> 
     </span>
     <span class='ocr_line' id='line_1_31' title="bbox 184 2655 1257 2731; baseline 0.01 -18"><span class='ocrx_word' id='word_1_241' title='bbox 184 2655 306 2713; x_wconf 80' lang='lat' dir='ltr'><strong>Gonficit</strong></span> <span class='ocrx_word' id='word_1_242' title='bbox 327 2657 431 2729; x_wconf 86' lang='lat' dir='ltr'><strong>itaque,</strong></span> <span class='ocrx_word' id='word_1_243' title='bbox 454 2657 539 2730; x_wconf 86' lang='lat' dir='ltr'><strong>quod,</strong></span> <span class='ocrx_word' id='word_1_244' title='bbox 562 2657 801 2731; x_wconf 81' lang='lat' dir='ltr'><strong>quemadmodum</strong></span> <span class='ocrx_word' id='word_1_245' title='bbox 823 2657 900 2712; x_wconf 88' lang='lat' dir='ltr'><strong>Deus</strong></span> <span class='ocrx_word' id='word_1_246' title='bbox 922 2676 1003 2716; x_wconf 90' lang='lat' dir='ltr'><strong>nunc</strong></span> <span class='ocrx_word' id='word_1_247' title='bbox 1027 2682 1069 2722; x_wconf 89' lang='lat' dir='ltr'><strong>ea</strong></span> <span class='ocrx_word' id='word_1_248' title='bbox 1085 2669 1206 2728; x_wconf 86' lang='lat' dir='ltr'><strong>efficere</strong></span> <span class='ocrx_word' id='word_1_249' title='bbox 1215 2687 1257 2727; x_wconf 88' lang='lat' dir='ltr'><strong>non</strong></span> 
     </span>
     <span class='ocr_line' id='line_1_32' title="bbox 183 2735 1258 2825; baseline 0.014 -34"><span class='ocrx_word' id='word_1_250' title='bbox 183 2740 287 2810; x_wconf 89' lang='lat' dir='ltr'><strong>potest,</strong></span> <span class='ocrx_word' id='word_1_251' title='bbox 310 2755 374 2811; x_wconf 83' lang='lat' dir='ltr'><strong>qnae</strong></span> <span class='ocrx_word' id='word_1_252' title='bbox 395 2735 459 2808; x_wconf 89' lang='lat' dir='ltr'><strong>ipsa</strong></span> <span class='ocrx_word' id='word_1_253' title='bbox 480 2756 511 2793; x_wconf 90' lang='lat' dir='ltr'><strong>se</strong></span> <span class='ocrx_word' id='word_1_254' title='bbox 532 2739 713 2805; x_wconf 86' lang='lat' dir='ltr'><strong>subvertunt,</strong></span> <span class='ocrx_word' id='word_1_255' title='bbox 735 2737 777 2794; x_wconf 89' lang='lat' dir='ltr'><strong>ita</strong></span> <span class='ocrx_word' id='word_1_256' title='bbox 798 2738 890 2794; x_wconf 88' lang='lat' dir='ltr'><strong>Deum</strong></span> <span class='ocrx_word' id='word_1_257' title='bbox 912 2741 1041 2799; x_wconf 85' lang='lat' dir='ltr'><strong>naturas</strong></span> <span class='ocrx_word' id='word_1_258' title='bbox 1067 2749 1109 2805; x_wconf 90' lang='lat' dir='ltr'><strong>ab</strong></span> <span class='ocrx_word' id='word_1_259' title='bbox 1134 2750 1192 2820; x_wconf 90' lang='lat' dir='ltr'><strong>his,</strong></span> <span class='ocrx_word' id='word_1_260' title='bbox 1210 2768 1258 2825; x_wconf 82' lang='lat' dir='ltr'><strong>que</strong></span> 
     </span>
     <span class='ocr_line' id='line_1_33' title="bbox 183 2815 1259 2905; baseline 0.012 -31"><span class='ocrx_word' id='word_1_261' title='bbox 183 2836 260 2874; x_wconf 89' lang='lat' dir='ltr'><strong>nunc</strong></span> <span class='ocrx_word' id='word_1_262' title='bbox 281 2821 357 2886; x_wconf 91' lang='lat' dir='ltr'><strong>sunt,</strong></span> <span class='ocrx_word' id='word_1_263' title='bbox 379 2815 510 2874; x_wconf 80' lang='lat' dir='ltr'><strong>diversas</strong></span> <span class='ocrx_word' id='word_1_264' title='bbox 531 2837 583 2874; x_wconf 89' lang='lat' dir='ltr'><strong>nec</strong></span> <span class='ocrx_word' id='word_1_265' title='bbox 604 2818 714 2891; x_wconf 82' lang='lat' dir='ltr'><strong>fingere</strong></span> <span class='ocrx_word' id='word_1_266' title='bbox 735 2837 788 2874; x_wconf 89' lang='lat' dir='ltr'><strong>nec</strong></span> <span class='ocrx_word' id='word_1_267' title='bbox 809 2835 984 2890; x_wconf 80' lang='lat' dir='ltr'><strong>cognoscere</strong></span> <span class='ocrx_word' id='word_1_268' title='bbox 1006 2839 1114 2899; x_wconf 87' lang='lat' dir='ltr'><strong>posse,</strong></span> <span class='ocrx_word' id='word_1_269' title='bbox 1132 2831 1259 2905; x_wconf 79' lang='lat' dir='ltr'><strong>quietam</strong></span> 
     </span>
     <span class='ocr_line' id='line_1_34' title="bbox 183 2896 1261 2978; baseline 0.007 -23"><span class='ocrx_word' id='word_1_270' title='bbox 183 2917 280 2955; x_wconf 89' lang='lat' dir='ltr'><strong>earum</strong></span> <span class='ocrx_word' id='word_1_271' title='bbox 313 2902 483 2955; x_wconf 89' lang='lat' dir='ltr'><strong>naturarum</strong></span> <span class='ocrx_word' id='word_1_272' title='bbox 515 2896 730 2972; x_wconf 89' lang='lat' dir='ltr'><strong>comprehensio</strong></span> <span class='ocrx_word' id='word_1_273' title='bbox 762 2901 792 2954; x_wconf 91' lang='lat' dir='ltr'><strong>et</strong></span> <span class='ocrx_word' id='word_1_274' title='bbox 823 2896 981 2954; x_wconf 87' lang='lat' dir='ltr'><strong>intellectio</strong></span> <span class='ocrx_word' id='word_1_275' title='bbox 1003 2900 1211 2978; x_wconf 81' lang='lat' dir='ltr'><strong>impossibilis</strong></span> <span class='ocrx_word' id='word_1_276' title='bbox 1228 2916 1261 2968; x_wconf 83' lang='lat' dir='ltr'><strong>est</strong></span> 
     </span>
     <span class='ocr_line' id='line_1_35' title="bbox 184 2976 1263 3054; baseline 0.006 -18"><span class='ocrx_word' id='word_1_277' title='bbox 184 2978 263 3054; x_wconf 91' lang='lat' dir='ltr'><strong>(quia</strong></span> <span class='ocrx_word' id='word_1_278' title='bbox 294 2978 488 3053; x_wconf 82' lang='lat' dir='ltr'><strong>repugnantia</strong></span> <span class='ocrx_word' id='word_1_279' title='bbox 518 2978 600 3053; x_wconf 87' lang='lat' dir='ltr'><strong>ponit</strong></span> <span class='ocrx_word' id='word_1_280' title='bbox 632 2998 669 3035; x_wconf 83' lang='lat' dir='ltr'><strong>ex</strong></span> <span class='ocrx_word' id='word_1_281' title='bbox 701 2997 788 3035; x_wconf 89' lang='lat' dir='ltr'><strong>sensu</strong></span> <span class='ocrx_word' id='word_1_282' title='bbox 820 2976 980 3048; x_wconf 85' lang='lat' dir='ltr'><strong>Auctoris),</strong></span> <span class='ocrx_word' id='word_1_283' title='bbox 1005 3000 1103 3054; x_wconf 88' lang='lat' dir='ltr'><strong>quam</strong></span> <span class='ocrx_word' id='word_1_284' title='bbox 1128 3009 1210 3050; x_wconf 74' lang='lat' dir='ltr'><strong>nune</strong></span> <span class='ocrx_word' id='word_1_285' title='bbox 1229 2996 1263 3048; x_wconf 77' lang='lat' dir='ltr'><strong>est</strong></span> 
     </span>
     <span class='ocr_line' id='line_1_36' title="bbox 182 3058 1263 3133; baseline 0.01 -19"><span class='ocrx_word' id='word_1_286' title='bbox 182 3058 365 3133; x_wconf 89' lang='lat' dir='ltr'><strong>impossibilis</strong></span> <span class='ocrx_word' id='word_1_287' title='bbox 386 3059 535 3133; x_wconf 89' lang='lat' dir='ltr'><strong>productio</strong></span> <span class='ocrx_word' id='word_1_288' title='bbox 557 3078 653 3115; x_wconf 91' lang='lat' dir='ltr'><strong>rerum</strong></span> <span class='ocrx_word' id='word_1_289' title='bbox 675 3060 711 3115; x_wconf 90' lang='lat' dir='ltr'><strong>ab</strong></span> <span class='ocrx_word' id='word_1_290' title='bbox 732 3058 775 3125; x_wconf 85' lang='lat' dir='ltr'><strong>iis,</strong></span> <span class='ocrx_word' id='word_1_291' title='bbox 797 3065 1046 3131; x_wconf 86' lang='lat' dir='ltr'><strong>quaenuncsunt,</strong></span> <span class='ocrx_word' id='word_1_292' title='bbox 1063 3065 1263 3130; x_wconf 83' lang='lat' dir='ltr'><strong>diversarum:</strong></span> 
     </span>
     <span class='ocr_line' id='line_1_37' title="bbox 183 3136 1264 3219; baseline 0.015 -24"><span class='ocrx_word' id='word_1_293' title='bbox 183 3139 249 3212; x_wconf 87' lang='lat' dir='ltr'><strong>quia</strong></span> <span class='ocrx_word' id='word_1_294' title='bbox 270 3158 369 3196; x_wconf 87' lang='lat' dir='ltr'><strong>omnes</strong></span> <span class='ocrx_word' id='word_1_295' title='bbox 389 3139 446 3196; x_wconf 84' lang='lat' dir='ltr'><strong>illae</strong></span> <span class='ocrx_word' id='word_1_296' title='bbox 469 3144 590 3211; x_wconf 82' lang='lat' dir='ltr'><strong>naturae,</strong></span> <span class='ocrx_word' id='word_1_297' title='bbox 614 3139 638 3196; x_wconf 90' lang='lat' dir='ltr'><strong>si</strong></span> <span class='ocrx_word' id='word_1_298' title='bbox 659 3137 859 3213; x_wconf 86' lang='lat' dir='ltr'><strong>concipiantur</strong></span> <span class='ocrx_word' id='word_1_299' title='bbox 880 3139 916 3194; x_wconf 89' lang='lat' dir='ltr'><strong>ab</strong></span> <span class='ocrx_word' id='word_1_300' title='bbox 937 3136 991 3206; x_wconf 71' lang='lat' dir='ltr'><strong>his</strong></span> <span class='ocrx_word' id='word_1_301' title='bbox 1009 3160 1080 3215; x_wconf 86' lang='lat' dir='ltr'><strong>quae</strong></span> <span class='ocrx_word' id='word_1_302' title='bbox 1100 3156 1264 3219; x_wconf 77' lang='lat' dir='ltr'><strong>nuncsunt</strong></span> 
     </span>
     <span class='ocr_line' id='line_1_38' title="bbox 183 3217 1265 3307; baseline 0.013 -32"><span class='ocrx_word' id='word_1_303' title='bbox 183 3217 316 3284; x_wconf 67' lang='lat' dir='ltr'><strong>diversae,</strong></span> <span class='ocrx_word' id='word_1_304' title='bbox 338 3219 500 3277; x_wconf 86' lang='lat' dir='ltr'><strong>necessario</strong></span> <span class='ocrx_word' id='word_1_305' title='bbox 522 3219 609 3277; x_wconf 86' lang='lat' dir='ltr'><strong>etiam</strong></span> <span class='ocrx_word' id='word_1_306' title='bbox 629 3238 693 3276; x_wconf 88' lang='lat' dir='ltr'><strong>cum</strong></span> <span class='ocrx_word' id='word_1_307' title='bbox 705 3218 747 3287; x_wconf 91' lang='lat' dir='ltr'><strong>iis,</strong></span> <span class='ocrx_word' id='word_1_308' title='bbox 762 3238 825 3292; x_wconf 90' lang='lat' dir='ltr'><strong>quae</strong></span> <span class='ocrx_word' id='word_1_309' title='bbox 838 3237 914 3275; x_wconf 89' lang='lat' dir='ltr'><strong>nuno</strong></span> <span class='ocrx_word' id='word_1_310' title='bbox 925 3222 1002 3286; x_wconf 85' lang='lat' dir='ltr'><strong>sunt,</strong></span> <span class='ocrx_word' id='word_1_311' title='bbox 1016 3233 1128 3285; x_wconf 90' lang='lat' dir='ltr'><strong>essent</strong></span> <span class='ocrx_word' id='word_1_312' title='bbox 1139 3251 1265 3307; x_wconf 85' lang='lat' dir='ltr'><strong>pugnan-</strong></span> 
     </span>
     <span class='ocr_line' id='line_1_39' title="bbox 183 3298 1266 3376; baseline 0.007 -21"><span class='ocrx_word' id='word_1_313' title='bbox 183 3303 243 3356; x_wconf 87' lang='lat' dir='ltr'><strong>tes:</strong></span> <span class='ocrx_word' id='word_1_314' title='bbox 276 3299 351 3373; x_wconf 86' lang='lat' dir='ltr'><strong>quia,</strong></span> <span class='ocrx_word' id='word_1_315' title='bbox 385 3319 449 3357; x_wconf 92' lang='lat' dir='ltr'><strong>cum</strong></span> <span class='ocrx_word' id='word_1_316' title='bbox 481 3304 592 3357; x_wconf 74' lang='lat' dir='ltr'><strong>naturce</strong></span> <span class='ocrx_word' id='word_1_317' title='bbox 624 3319 719 3356; x_wconf 90' lang='lat' dir='ltr'><strong>rerum</strong></span> <span class='ocrx_word' id='word_1_318' title='bbox 751 3299 805 3356; x_wconf 90' lang='lat' dir='ltr'><strong>hoc</strong></span> <span class='ocrx_word' id='word_1_319' title='bbox 826 3298 961 3355; x_wconf 88' lang='lat' dir='ltr'><strong>universo</strong></span> <span class='ocrx_word' id='word_1_320' title='bbox 982 3309 1266 3376; x_wconf 77' lang='lat' dir='ltr'><strong>comprehensarum</strong></span> 
     </span>
     <span class='ocr_line' id='line_1_40' title="bbox 183 3378 1267 3455; baseline 0.012 -20"><span class='ocrx_word' id='word_1_321' title='bbox 183 3378 230 3450; x_wconf 85' lang='lat' dir='ltr'><strong>(ex</strong></span> <span class='ocrx_word' id='word_1_322' title='bbox 260 3379 397 3437; x_wconf 87' lang='lat' dir='ltr'><strong>Auctoris</strong></span> <span class='ocrx_word' id='word_1_323' title='bbox 430 3379 583 3454; x_wconf 82' lang='lat' dir='ltr'><strong>sententia)</strong></span> <span class='ocrx_word' id='word_1_324' title='bbox 615 3385 683 3437; x_wconf 89' lang='lat' dir='ltr'><strong>sunt</strong></span> <span class='ocrx_word' id='word_1_325' title='bbox 713 3378 894 3449; x_wconf 84' lang='lat' dir='ltr'><strong>necessariae,</strong></span> <span class='ocrx_word' id='word_1_326' title='bbox 931 3397 989 3435; x_wconf 84' lang='lat' dir='ltr'><strong>non</strong></span> <span class='ocrx_word' id='word_1_327' title='bbox 1021 3395 1160 3455; x_wconf 88' lang='lat' dir='ltr'><strong>possunt</strong></span> <span class='ocrx_word' id='word_1_328' title='bbox 1195 3393 1267 3451; x_wconf 84' lang='lat' dir='ltr'><strong>illam</strong></span> 
     </span>
     <span class='ocr_line' id='line_1_41' title="bbox 183 3458 1267 3540; baseline 0.013 -25"><span class='ocrx_word' id='word_1_329' title='bbox 183 3459 382 3517; x_wconf 83' lang='lat' dir='ltr'><strong>necessitatem</strong></span> <span class='ocrx_word' id='word_1_330' title='bbox 415 3461 521 3518; x_wconf 83' lang='lat' dir='ltr'><strong>habere</strong></span> <span class='ocrx_word' id='word_1_331' title='bbox 553 3480 590 3518; x_wconf 83' lang='lat' dir='ltr'><strong>ex</strong></span> <span class='ocrx_word' id='word_1_332' title='bbox 622 3479 661 3527; x_wconf 90' lang='lat' dir='ltr'><strong>se,</strong></span> <span class='ocrx_word' id='word_1_333' title='bbox 695 3460 743 3516; x_wconf 89' lang='lat' dir='ltr'><strong>sed</strong></span> <span class='ocrx_word' id='word_1_334' title='bbox 774 3479 810 3516; x_wconf 81' lang='lat' dir='ltr'><strong>ex</strong></span> <span class='ocrx_word' id='word_1_335' title='bbox 832 3463 938 3516; x_wconf 86' lang='lat' dir='ltr'><strong>natura</strong></span> <span class='ocrx_word' id='word_1_336' title='bbox 960 3458 1021 3526; x_wconf 89' lang='lat' dir='ltr'><strong>Dei,</strong></span> <span class='ocrx_word' id='word_1_337' title='bbox 1045 3482 1064 3519; x_wconf 85' lang='lat' dir='ltr'><strong>a</strong></span> <span class='ocrx_word' id='word_1_338' title='bbox 1086 3485 1152 3540; x_wconf 88' lang='lat' dir='ltr'><strong>qua</strong></span> <span class='ocrx_word' id='word_1_339' title='bbox 1175 3492 1267 3531; x_wconf 86' lang='lat' dir='ltr'><strong>neces-</strong></span> 
     </span>
     <span class='ocr_line' id='line_1_42' title="bbox 183 3538 1265 3613; baseline -0.001 -18"><span class='ocrx_word' id='word_1_340' title='bbox 183 3538 259 3595; x_wconf 89' lang='lat' dir='ltr'><strong>sario</strong></span> <span class='ocrx_word' id='word_1_341' title='bbox 281 3544 426 3599; x_wconf 85' lang='lat' dir='ltr'><strong>emanant.</strong></span> <span class='ocrx_word' id='word_1_342' title='bbox 449 3540 513 3598; x_wconf 89' lang='lat' dir='ltr'><strong>Non</strong></span> <span class='ocrx_word' id='word_1_343' title='bbox 534 3541 598 3598; x_wconf 89' lang='lat' dir='ltr'><strong>vult</strong></span> <span class='ocrx_word' id='word_1_344' title='bbox 619 3540 779 3598; x_wconf 91' lang='lat' dir='ltr'><strong>enimcum</strong></span> <span class='ocrx_word' id='word_1_345' title='bbox 801 3539 939 3611; x_wconf 82' lang='lat' dir='ltr'><strong>Oartesio,</strong></span> <span class='ocrx_word' id='word_1_346' title='bbox 962 3539 1045 3613; x_wconf 92' lang='lat' dir='ltr'><strong>cujus</strong></span> <span class='ocrx_word' id='word_1_347' title='bbox 1067 3547 1177 3608; x_wconf 80' lang='lat' dir='ltr'><strong>tamen</strong></span> <span class='ocrx_word' id='word_1_348' title='bbox 1202 3554 1265 3611; x_wconf 87' lang='lat' dir='ltr'><strong>doc.</strong></span> 
     </span>
     <span class='ocr_line' id='line_1_43' title="bbox 183 3618 1268 3704; baseline 0.007 -28"><span class='ocrx_word' id='word_1_349' title='bbox 183 3618 289 3676; x_wconf 88' lang='lat' dir='ltr'><strong>trinam</strong></span> <span class='ocrx_word' id='word_1_350' title='bbox 321 3620 412 3677; x_wconf 90' lang='lat' dir='ltr'><strong>videri</strong></span> <span class='ocrx_word' id='word_1_351' title='bbox 434 3621 498 3678; x_wconf 89' lang='lat' dir='ltr'><strong>vult</strong></span> <span class='ocrx_word' id='word_1_352' title='bbox 518 3622 680 3695; x_wconf 85' lang='lat' dir='ltr'><strong>adoptasse,</strong></span> <span class='ocrx_word' id='word_1_353' title='bbox 703 3619 829 3677; x_wconf 90' lang='lat' dir='ltr'><strong>omnium</strong></span> <span class='ocrx_word' id='word_1_354' title='bbox 849 3638 945 3676; x_wconf 91' lang='lat' dir='ltr'><strong>rerum</strong></span> <span class='ocrx_word' id='word_1_355' title='bbox 967 3624 1101 3695; x_wconf 86' lang='lat' dir='ltr'><strong>naturas,</strong></span> <span class='ocrx_word' id='word_1_356' title='bbox 1129 3634 1268 3704; x_wconf 76' lang='lat' dir='ltr'><strong>quemad-</strong></span> 
     </span>
     <span class='ocr_line' id='line_1_44' title="bbox 183 3699 1269 3772; baseline 0.014 -17"><span class='ocrx_word' id='word_1_357' title='bbox 183 3700 297 3756; x_wconf 87' lang='lat' dir='ltr'><strong>modum</strong></span> <span class='ocrx_word' id='word_1_358' title='bbox 319 3719 336 3756; x_wconf 89' lang='lat' dir='ltr'><strong>a</strong></span> <span class='ocrx_word' id='word_1_359' title='bbox 357 3700 409 3757; x_wconf 87' lang='lat' dir='ltr'><strong>Dei</strong></span> <span class='ocrx_word' id='word_1_360' title='bbox 431 3706 537 3759; x_wconf 88' lang='lat' dir='ltr'><strong>natura</strong></span> <span class='ocrx_word' id='word_1_361' title='bbox 558 3707 587 3758; x_wconf 88' lang='lat' dir='ltr'><strong>et</strong></span> <span class='ocrx_word' id='word_1_362' title='bbox 608 3700 733 3758; x_wconf 85' lang='lat' dir='ltr'><strong>essentia</strong></span> <span class='ocrx_word' id='word_1_363' title='bbox 754 3704 823 3757; x_wconf 89' lang='lat' dir='ltr'><strong>sunt</strong></span> <span class='ocrx_word' id='word_1_364' title='bbox 844 3699 974 3769; x_wconf 67' lang='lat' dir='ltr'><strong>diversae,</strong></span> <span class='ocrx_word' id='word_1_365' title='bbox 995 3699 1037 3757; x_wconf 89' lang='lat' dir='ltr'><strong>ita</strong></span> <span class='ocrx_word' id='word_1_366' title='bbox 1060 3722 1170 3768; x_wconf 85' lang='lat' dir='ltr'><strong>earum</strong></span> <span class='ocrx_word' id='word_1_367' title='bbox 1186 3711 1269 3772; x_wconf 87' lang='lat' dir='ltr'><strong>ideas</strong></span> 
     </span>
     <span class='ocr_line' id='line_1_45' title="bbox 182 3779 649 3839; baseline 0 -1"><span class='ocrx_word' id='word_1_368' title='bbox 182 3779 321 3838; x_wconf 84' lang='lat' dir='ltr'><strong>liberem</strong></span> <span class='ocrx_word' id='word_1_369' title='bbox 342 3785 439 3838; x_wconf 91' lang='lat' dir='ltr'><strong>mente</strong></span> <span class='ocrx_word' id='word_1_370' title='bbox 460 3780 557 3838; x_wconf 87' lang='lat' dir='ltr'><strong>divina</strong></span> <span class='ocrx_word' id='word_1_371' title='bbox 579 3801 649 3839; x_wconf 86' lang='lat' dir='ltr'><strong>osse.</strong></span> 
     </span>
    </p>
   </div>
   <div class='ocr_carea' id='block_1_9' title="bbox 0 0 1349 4292">
    <p class='ocr_par' dir='ltr' id='par_1_10' title="bbox 0 0 1349 4292">
     <span class='ocr_line' id='line_1_46' title="bbox 0 0 1349 4292; baseline 0 0"><span class='ocrx_word' id='word_1_372' title='bbox 0 0 1349 4292; x_wconf 95' lang='lat' dir='ltr'><strong> </strong></span> 
     </span>
    </p>
   </div>
  </div>
 </body>
</html>
