2662 4298
549 377 688 416 nersroun
709 377 774 416 xnr.
1136 358 1194 416 237

127 565 186 603 non
218 544 336 602 daretur
364 542 497 602 accidens
528 543 613 614 reale,
635 542 660 601 si
681 544 799 602 daretur
821 543 975 613 Quantitas
995 545 1103 619 absque
1125 545 1194 604 Sub·

126 624 255 684 stantia?

169 705 251 774 Quod
284 705 319 761 ad
352 723 454 762 causas
485 703 654 772 differentia
687 703 798 779 saporis
826 703 950 778 Spiritus
970 703 1046 762 Nitri
1069 709 1099 763 et
1118 705 1195 764 Nitri

125 785 217 861 ipsius
249 784 362 855 attinet,
395 804 448 842 eas
480 803 639 859 proponere
670 784 764 855 debui,
798 788 830 842 ut
851 785 1031 842 ostenderem
1053 786 1194 859 quomodo

126 869 267 942 poteram,
300 883 338 922 ex
368 866 429 922 sola
459 864 629 934 differentia,
662 883 747 938 quam
778 865 854 922 inter
887 865 1026 940 Spiritum
1057 864 1134 923 Nitri
1165 873 1195 925 et

126 945 243 1004 Nitrum
273 944 367 1019 ipsum
399 944 551 1002 admittere
582 948 696 1002 tantum
723 945 811 1015 volui,
832 945 912 1003 nulla
933 944 1001 1004 salis
1022 945 1073 1002 fixi
1094 945 1195 1004 habita

127 1025 251 1095 ratione,
274 1026 335 1100 ejus
357 1025 550 1083 Phaenomena
570 1024 705 1082 facillime
725 1025 878 1100 explicare.
1010 1075 1012 1081 .
1239 1094 1243 1099 Ι
1293 1080 1297 1088 ,

171 1105 240 1175 tluae
272 1108 368 1162 autem
400 1104 507 1162 tradidi
538 1104 573 1162 de
603 1104 679 1162 Nitri
709 1104 977 1175 inflammabilitate,
1010 1110 1041 1162 et
1071 1105 1195 1180 Spiritus

126 1185 205 1244 Nitri
225 1182 349 1254 ἀφλογίᾳ
370 1184 442 1242 nihil
462 1184 539 1242 aliud
560 1189 735 1260 supponunt,
758 1205 843 1260 quam
861 1185 936 1259 quod
959 1185 995 1242 ad
1011 1185 1195 1243 excitandam

126 1266 157 1324 in
179 1265 275 1340 aliquo
297 1284 416 1340 corpore
437 1265 582 1322 flammam
602 1265 767 1339 requiratur
776 1265 908 1334 materia,
919 1284 982 1339 quae
993 1265 1055 1340 ejus
1067 1266 1195 1340 corporis

125 1351 227 1421 partes
254 1344 402 1420 disjungat
423 1344 587 1420 agitatque3
610 1364 672 1419 quae
694 1346 749 1403 duo
770 1344 965 1420 quotidianam
987 1345 1195 1419 experientiam

128 1432 159 1485 et
182 1425 333 1483 Rationem
355 1424 426 1482 satis
447 1426 549 1483 docere
569 1430 648 1500 pute.

168 1506 296 1563 Transeo
318 1505 354 1563 ad
376 1505 582 1579 experimenta,
605 1525 668 1580 quae
689 1505 782 1574 attuli,
805 1525 863 1563 non
884 1511 916 1562 ut
937 1505 1077 1575 absolute,
1090 1506 1149 1576 sed,
1162 1511 1195 1563 ut

127 1605 265 1661 expresse
296 1585 367 1652 dixi,
399 1587 496 1661 aliquo
516 1587 608 1655 mode,
631 1605 723 1643 meam
744 1585 964 1660 explicationem
985 1586 1193 1645 confirmarem.

126 1666 164 1724 In
184 1665 307 1741 primum
328 1666 426 1740 itaque
447 1662 783 1741 experimentum-quod
804 1665 897 1737 attuli,
920 1665 991 1723 nihil
1002 1665 1055 1723 Vir
1066 1661 1193 1724 Clarissi-

127 1767 193 1804 mus
223 1747 328 1815 adfert,
350 1750 459 1821 praeter
479 1747 554 1820 quod
575 1745 637 1820 ipse
659 1746 883 1821 expressissimis
904 1745 1001 1804 verbis
1022 1746 1136 1816 notavi;
1158 1746 1193 1804 de

128 1825 243 1884 eaeteris
274 1846 352 1894 vero,
385 1846 449 1901 quae
477 1826 564 1884 etiam
585 1827 706 1894 tentavi,
728 1827 819 1897 ulid,
842 1826 917 1901 quod
939 1826 992 1884 Vir
1012 1825 1193 1884 Clarissimus

128 1926 239 1964 meeum
262 1911 353 1977 notat,
375 1905 470 1964 minus
490 1906 661 1981 suspicarer,
683 1905 755 1964 nihil
775 1925 894 1982 prorsus
915 1906 964 1964 ait.
987 1906 1069 1976 Quod
1091 1906 1194 1964 deinde

126 1986 158 2044 in
180 1986 335 2044 secundum
357 1986 586 2061 experimentum
607 1987 710 2057 adfert,
733 2005 835 2061 nempe
856 1985 1044 2044 defaecatione
1063 1986 1194 2062 utpluri-

127 2086 206 2124 mum
237 2066 354 2125 liberari
384 2066 499 2124 Nitrum
531 2087 549 2124 a
572 2067 632 2124 sale
653 2067 785 2142 quodam,
808 2067 850 2124 sal
871 2085 1020 2124 commune
1041 2067 1194 2134 referente,

97 2211 99 2215 ¹
127 2147 158 2205 id
190 2151 304 2204 tantum
336 2145 413 2216 dicit,
436 2146 486 2203 sed
508 2165 566 2203 non
587 2148 708 2221 probat:
731 2165 785 2220 ego
808 2145 892 2216 enirn,
915 2151 948 2203 ut
969 2165 1104 2221 expresse
1125 2145 1194 2216 dixi,

128 2228 193 2285 haec
225 2226 423 2302 experimenta
444 2246 502 2284 non
523 2226 616 2295 attuli,
638 2232 672 2284 ut
691 2227 727 2284 iis
747 2245 790 2294 ea,
813 2246 877 2301 quae
900 2225 967 2294 dixi,
990 2245 1109 2301 prorsus
1129 2245 1194 2284 eon·

128 2307 291 2378 firmarem3
324 2307 375 2364 sed
406 2311 520 2364 tantum
552 2306 618 2381 quia
645 2327 679 2364 ea
700 2305 899 2381 experimenta
919 2325 983 2381 quae
1005 2305 1144 2376 dixeram,
1167 2311 1196 2363 et

128 2386 277 2444 Rationi*
309 2386 463 2445 convenire
494 2387 684 2457 ostenderam,
716 2386 765 2444 illa
797 2385 892 2461 aliquo
920 2386 1004 2444 modo
1026 2387 1196 2444 confirmare

130 2466 310 2525 viderentur.
334 2466 415 2536 Quod
437 2472 534 2525 autern
556 2466 606 2537 ait,
628 2468 799 2525 adscensum
819 2467 850 2524 iu
871 2466 997 2525 stirioles
1018 2486 1197 2525 communem

128 2547 170 2605 illi
202 2567 265 2605 esse
296 2567 360 2605 curn
381 2547 445 2605 aliis
466 2546 583 2617 salibus
604 2547 700 2605 nescio
723 2547 790 2622 quid
810 2546 839 2605 id
861 2547 897 2605 ad
919 2566 980 2605 rem
1000 2546 1105 2604 faeiat:
1128 2566 1196 2604 con·

130 2627 200 2684 cedo
222 2627 306 2690 enim,
329 2627 386 2685 alia
407 2627 494 2686 etiam
515 2627 587 2686 salia
607 2629 820 2697 faeceshabere,
833 2627 1094 2702 atquevolatiliora
1106 2627 1197 2696 reddi,

129 2707 154 2765 si
176 2710 212 2765 ab
232 2707 268 2764 iis
288 2707 454 2765 liberentur.
477 2708 512 2766 In
532 2708 650 2767 tertium
672 2708 758 2767 etiam
780 2709 1008 2783 experimentum
1030 2707 1196 2766 nihilvideo

130 2787 245 2857 adferri,
278 2789 352 2862 quod
372 2808 418 2846 me
438 2793 551 2862 tangat.
573 2790 608 2846 In
629 2788 756 2847 sectione
776 2789 878 2863 quinta
898 2793 1044 2846 auctorem
1066 2787 1196 2845 Nobilem

130 2868 248 2942 culpare
278 2867 437 2926 (lartesium
467 2869 578 2943 putavi,
600 2870 674 2944 quod
696 2869 783 2927 etiam
804 2869 834 2926 in
855 2868 919 2926 aliis
939 2868 1019 2936 locis.
1041 2887 1093 2942 pro
1114 2868 1197 2926 liber·

130 2952 192 3005 tate
221 2947 445 3023 philosophandi
477 2948 569 3006 cuivis
590 2968 736 3019 concessa,
757 2949 909 3023 utriusque
929 2947 1088 3006 Nobilitate
1108 2947 1198 3005 illaesa

129 3027 214 3097 feeit;
247 3029 322 3102 quod
353 3030 428 3086 forte
459 3028 546 3086 etiarn
577 3028 634 3098 alii,
667 3028 716 3103 qui
748 3027 789 3086 ol.
811 3027 875 3085 Viri
896 3026 1004 3102 scripta
1026 3031 1055 3085 et
1076 3025 1198 3084 Cartesii

130 3107 277 3183 Principia
297 3108 439 3182 legerunt,
462 3107 546 3179 idem,
568 3107 623 3165 nisi
644 3127 781 3182 expresse
802 3111 982 3177 moneantur,
994 3110 1198 3179 mecumputa·

130 3189 223 3245 bunt·
239 3188 368 3246 Necdum
389 3188 474 3246 video
497 3188 537 3247 Ol.
559 3187 663 3245 Virum
684 3207 766 3245 suam
786 3191 912 3245 mentem
927 3190 1027 3261 aperte
1037 3184 1197 3259 explicare:

131 3269 258 3327 nondum
279 3267 355 3326 enirn
376 3268 426 3338 ait,
448 3288 486 3326 an
507 3268 621 3326 Nitrum
642 3267 758 3326 Nitrum
779 3286 842 3325 esse
863 3265 983 3334 desinet,
1006 3264 1030 3322 si
1051 3264 1199 3339 ejusstiri·
1271 3294 1276 3303 ·

133 3349 188 3406 olae
209 3348 347 3423 visibiles,
369 3349 404 3406 de
426 3348 529 3423 quibus
548 3353 663 3406 tantum
683 3346 761 3422 loqui
783 3347 832 3417 ait,
854 3346 1035 3415 raderentur,
1058 3345 1149 3403 donee
1169 3344 1200 3401 in

132 3428 369 3504 parallelipipeda
389 3433 439 3486 aut
461 3429 545 3486 aliam
568 3429 690 3502 figuram
712 3429 904 3485 mutarentur.
1181 3502 1183 3506 ἱ

173 3508 228 3566 Sed
260 3509 323 3566 haec
354 3508 493 3583 relinquo,
526 3513 555 3566 et
587 3509 623 3566 ad
654 3508 691 3578 id,
725 3508 798 3583 quod
830 3506 872 3565 01.
904 3506 958 3564 Vir
989 3505 1025 3564 ad
1057 3525 1100 3576 ea,
1134 3524 1199 3579 quae

131 3588 162 3646 in
193 3588 326 3647 Sectione
359 3590 485 3647 13-18.
517 3588 607 3663 ponit,
644 3595 769 3658 transeo,
802 3591 888 3661 atque
916 3587 987 3658 dieo,
1009 3606 1055 3645 me
1075 3585 1200 3644 libenter

131 3668 227 3740 fateri,
258 3670 334 3727 hanc
364 3669 440 3726 Nitri
466 3669 741 3743 redintegrationem
762 3668 934 3743 praeclarum
955 3667 1069 3743 quidem
1091 3666 1200 3742 experi·
1238 3723 1241 3728 .

164 3847 175 3866 ”
207 3847 254 3892 Ed.
271 3849 311 3892 Pr.
320 3861 325 3892 :
335 3849 446 3892 marana
