2662 4298
361 1353 866 1434 EPISTOLAE.

467 1730 705 1788 Errsroua
740 1729 763 1787 Ι.

487 1863 654 1921 Clarissimo
681 1863 750 1920 Viro
786 1825 790 1830 -

548 1996 582 2053 B.
604 2014 632 2053 n.
656 1994 684 2053 S.

270 2142 272 2147 ’
350 2127 545 2187 HENRIOUS
567 2126 880 2186 OLDENBURGIUS,

209 2291 374 2348 Clarissima
394 2289 524 2357 Domine,
547 2289 647 2345 Amice
668 2288 786 2358 colende,

82 2427 178 2571 Tam
201 2441 279 2496 aegre
301 2440 402 2496 nuper,
423 2440 486 2478 cum
502 2419 554 2478 tibi
568 2419 598 2477 in
613 2438 727 2478 secessu
741 2423 792 2478 tuo
806 2417 995 2493 Rhenoburgi
1009 2419 1149 2487 adessem,

92 2565 94 2571 ,
152 2522 170 2560 a
190 2503 282 2560 latere
303 2506 354 2560 tuo
376 2500 543 2571 divellebar‚
565 2505 606 2571 ut,
630 2499 839 2575 quamprimum
860 2498 890 2557 in
905 2498 1042 2574 Angliam
1056 2499 1152 2557 factus

82 2603 146 2641 sum
174 2582 276 2653 redux,
299 2587 395 2640 tecum
417 2600 517 2639 rursus
538 2580 622 2651 uniri,
645 2585 784 2656 quantum
805 2578 868 2639 fieri
888 2584 993 2655 potest,
1016 2599 1152 2638 commer-

83 2663 127 2721 cio
159 2663 261 2720 saltem
288 2660 436 2737 epistolico
465 2658 591 2720 annitar.
623 2662 730 2719 Rerum
758 2660 913 2719 solidarum
935 2659 1064 2730 scientia,
1087 2679 1152 2718 con·

80 2743 183 2818 juncta
210 2762 275 2801 cum
302 2742 484 2800 humanitate
513 2746 542 2799 et
568 2761 680 2799 morum
709 2741 856 2816 elegantia
884 2740 999 2816 (quibus
1020 2740 1152 2798 omnibus

84 2823 196 2881 Natura
217 2827 246 2880 et
267 2821 415 2880 Industria
436 2821 610 2897 amplissime
630 2827 660 2879 te
680 2821 915 2896 locupletarunt),
934 2841 984 2879 eas
998 2821 1108 2878 habent
1121 2820 1152 2877 in

83 2902 245 2978 semetipsis
275 2902 434 2973 illecebras,
467 2906 500 2960 ut
531 2901 610 2960 viros
638 2901 754 2977 quosvis
781 2901 923 2976 ingenuos
945 2905 973 2959 et
993 2900 1153 2959 liberaliter

82 2983 221 3041 educatos
248 2980 279 3040 in
307 2981 351 3040 sui
380 3001 506 3040 amorem
531 2981 656 3057 rapiant.
679 2981 744 3056 Age
764 2981 871 3056 itaque,
893 2981 947 3038 Vir
967 2980 1152 3039 Praestantis·

84 3062 164 3133 sime,
186 3061 320 3120 amicitiae
342 3082 400 3120 non
421 3063 527 3121 fucatae
549 3062 668 3120 dextras
687 3061 851 3137 jungamus
867 3080 986 3137 eamque
1004 3060 1081 3118 omni
1095 3065 1152 3118 stu·

83 3142 195 3200 diorum
224 3147 253 3200 et
282 3142 440 3201 officiorum
469 3161 576 3217 genere
604 3141 702 3200 sedulo
731 3142 866 3200 colamus.
897 3141 978 3210 Quod
1000 3140 1154 3216 quideme

85 3221 228 3280 tenuitate
256 3242 321 3281 mea
348 3221 491 3298 proficisci
511 3226 616 3298 potest,
638 3226 719 3280 tuum
739 3221 845 3297 judica.
869 3221 948 3290 Quas
969 3225 1002 3278 tu
1022 3220 1154 3295 possides

84 3302 194 3377 ingenii
222 3303 313 3374 dotes,
343 3322 442 3361 earum
463 3307 584 3378 partem,
607 3322 671 3361 cum
693 3301 754 3360 sine
775 3306 825 3360 tuo
846 3301 875 3359 id
896 3301 960 3359 fieri
981 3300 1154 3358 detrimento

85 3383 185 3459 possit,
214 3403 260 3442 me
280 3383 351 3442 mihi
372 3383 550 3442 vindicare*
571 3382 658 3441 sinae.
680 3383 867 3440 Habebamus
888 3379 1076 3455 Rhenoburgi
1097 3400 1154 3438 scr-

86 3483 199 3522 monem
220 3464 256 3522 de
277 3465 347 3533 Deo,
370 3464 405 3522 de
426 3463 603 3522 Extensione
624 3467 653 3520 et
668 3461 850 3537 Cogitatione
864 3460 987 3532 infinita,
1003 3461 1037 3518 de
1051 3461 1155 3519 horum

87 3542 294 3603 attributorum
329 3543 492 3602 discrimine
526 3548 556 3602 et
587 3541 798 3613 convenientia,
830 3543 865 3600 de
897 3541 1010 3600 ratione
1043 3540 1156 3600 unionis

85 3622 190 3682 animae
218 3625 353 3683 humanae
375 3644 439 3682 cum
461 3643 596 3699 corpore;
609 3643 705 3699 *porro
727 3623 763 3680 de
784 3621 940 3698 Principiis
960 3621 1157 3698 Philosophiae

117 3828 126 3847 '
144 3828 192 3874 Ed.
212 3828 266 3874 Pr.:
284 3828 420 3886 vendicare,
438 3826 484 3872 sed
501 3826 533 3874 cf.
551 3829 611 3873 torn.
630 3826 648 3871 1.
666 3840 708 3885 pp.
725 3825 779 3885 207,
796 3825 850 3871 306.
