2662 4298
469 365 607 403 arrsrons
628 365 719 404 1111111.
1072 349 1132 406 403

57 530 195 608 perireris
223 551 317 607 neque
339 551 522 606 agnosceres
544 533 685 607 quomodo
706 531 760 590 tihi
782 551 882 606 posses
901 532 1030 604 illudere,
1053 532 1131 608 cogi-

58 614 149 671 tando
170 617 221 669 tua
242 631 305 670 esse
317 619 428 670 summa
438 612 532 682 laude,
543 612 600 670 imo
613 617 643 671 et
654 612 839 671 exactissima
848 612 1009 670 imitatione
1021 612 1131 688 digna?

100 693 131 751 Si
161 691 234 750 nolis
266 692 352 767 (quod
385 692 461 750 absit
489 692 630 766 cogitare)
658 697 691 750 ut
713 694 792 751 Deus
812 692 856 751 tui
877 693 1057 766 misereatur,
1081 697 1132 751 aut

60 772 214 831 Proximus
244 777 321 842 tuus,
344 777 375 830 tu
398 774 519 848 ipsemet
540 774 643 831 saltem
665 772 801 831 miserere
823 773 866 831 tui
887 772 978 848 ipsius
997 772 1130 842 miseria,

58 873 118 928 qua
144 852 319 911 miseriorem
348 857 378 910 te
399 852 502 927 ipsum,
525 872 610 927 quam
632 873 710 911 nuno
731 872 771 924 es,
793 858 845 911 aut
867 854 962 911 minus
985 853 1130 924 miserum,

58 953 148 1010 quam
168 932 193 990 si
213 932 254 990 ita
276 932 492 991 continuaveris
512 934 628 991 futurus
648 953 688 1004 es,
711 933 811 991 studes
832 933 954 992 efficere.

99 1012 255 1088 Resipisce,
273 1013 358 1071 homo
369 1013 552 1088 Philosophe,
565 1032 690 1088 agnosce
703 1013 855 1071 stultitiam
866 1017 947 1072 tuam
957 1012 1127 1088 sapientem,

57 1097 90 1150 ct
121 1093 293 1168 sapientiam
319 1100 399 1151 tuam
420 1093 568 1165 insanam3
591 1113 628 1151 ex
650 1095 773 1168 superbo
795 1093 930 1152 devenito
953 1094 1079 1162 humilis,
1102 1099 1131 1152 et

57 1178 181 1231 sanatus
207 1173 272 1232 eris.
296 1173 396 1231 Adora
418 1173 564 1232 Christum
586 1173 618 1231 in
638 1173 820 1231 sanctissima
841 1173 993 1244 Trinitate,
1015 1178 1048 1231 ut
1071 1173 1130 1249 dig·

58 1258 146 1311 netur
166 1253 296 1312 misereri
317 1258 376 1312 tuae
398 1253 530 1324 miseriae,
552 1258 582 1312 et
603 1254 728 1329 excipiet
749 1257 787 1312 te.
800 1254 879 1328 Lege
894 1254 1129 1312 SanctosPatres

57 1338 89 1391 et
119 1334 259 1392 Doctores
279 1332 426 1404 Ecclesiae,
448 1339 478 1392 et
498 1337 644 1392 instruent
664 1339 694 1392 te
715 1335 750 1392 de
771 1333 814 1404 iis,
837 1354 901 1409 quae
923 1333 976 1391 tibi
998 1333 1130 1392 facienda

57 1418 137 1485 sunt,
160 1418 249 1472 utne
269 1433 380 1488 pereas,
402 1415 453 1472 sed
473 1415 582 1472 habeas
603 1414 694 1472 vitam
716 1419 864 1474 aeternam.
887 1414 1010 1473 Consule
1025 1414 1129 1472 Catho·

57 1493 131 1552 licos
161 1493 300 1564 homines,
333 1495 417 1552 fidem
439 1514 521 1552 suam
542 1495 684 1569 profunde
705 1495 822 1552 edoctos
843 1500 873 1552 et
893 1497 977 1552 bonae
999 1493 1078 1562 vitae,
1100 1500 1129 1553 et

57 1573 112 1631 tihi
134 1575 225 1632 multa
245 1573 350 1644 dicent,
374 1594 438 1649 quae
461 1594 610 1650 nunqnam
629 1574 749 1645 scivisti,
772 1579 802 1633 et
820 1575 923 1650 quibus
935 1577 1129 1649 obstupesces.

101 1655 200 1729 Atque
220 1673 276 1729 ego
297 1654 411 1729 quidem
432 1656 508 1712 hanc
528 1654 686 1729 Epistolam
708 1654 760 1713 tibi
780 1654 935 1730 perscripsi
956 1675 1019 1713 curn
1035 1654 1128 1712 inten-

58 1733 140 1791 tione
160 1753 229 1792 vere
250 1734 423 1809 Christiana,
445 1735 537 1810 primo
558 1740 592 1793 ut
613 1755 771 1810 cognoscas
792 1754 928 1806 amorem,
951 1755 1036 1811 quem
1058 1755 1130 1809 erga

59 1818 99 1886 te,
121 1814 252 1889 quamvis
273 1814 425 1888 Gentilem,
448 1816 549 1887 habeo,
572 1835 606 1873 ao
627 1815 729 1874 deinde
752 1819 785 1874 ut
805 1835 939 1890 rogarem
960 1821 1130 1890 te,nepe1··

58 1913 177 1952 severos
198 1893 270 1952 alios
290 1895 377 1954 etiam
398 1900 574 1970 pervertere.

100 1974 275 2033 Concludam
306 1975 347 2033 sic
377 1975 487 2050 igitur:
519 1977 598 2034 Deus
629 1975 754 2033 animam
776 1979 856 2033 tuam
878 1976 941 2033 vult
961 1977 999 2032 ab
1020 1980 1130 2033 aeterna

56 2054 244 2113 damnatione
264 2055 385 2131 eripere,
407 2057 490 2114 modo
513 2061 545 2113 tu
566 2055 647 2114 velis.
669 2055 712 2112 Ne
733 2055 848 2113 dubites
868 2054 991 2113 Domino
1002 2055 1128 2124 obedire,

55 2134 108 2209 qui
129 2140 159 2192 te
178 2135 295 2194 vocavit
315 2140 374 2194 tarn
397 2155 473 2211 saepe
493 2155 546 2211 per
566 2135 646 2205 alios,
666 2136 725 2211 jam
747 2135 861 2206 iterum,
883 2140 913 2194 et
933 2135 1008 2193 forte
1028 2135 1130 2194 ultima

56 2214 122 2273 vice
154 2219 184 2273 te
215 2220 302 2274 vocat
333 2235 385 2291 per
416 2236 469 2290 me,
499 2216 547 2291 qui
577 2216 701 2290 gratiam
729 2217 804 2274 hanc
825 2218 862 2274 ab
882 2214 1020 2273 ineffabili
1039 2215 1130 2290 ipsius

56 2294 114 2352 Dei
134 2294 334 2354 Misericordia
355 2301 535 2368 consecutus,
557 2297 677 2354 eandem
698 2295 752 2353 tihi
773 2316 809 2354 ex
827 2300 890 2354 toto
908 2295 1003 2353 animo
1018 2315 1128 2370 precor.

55 2375 102 2432 Ne
133 2395 255 2434 renuas:
288 2376 312 2434 si
343 2376 418 2435 enirn
446 2377 506 2452 jam
537 2396 596 2434 non
628 2377 773 2435 auscultes
804 2377 897 2434 Deum
917 2381 947 2434 te
969 2381 1128 2439 vocantem,

54 2454 149 2529 ipsius
179 2455 295 2513 Domini
326 2456 371 2514 ira
402 2462 504 2515 contra
532 2460 574 2517 te
583 2457 765 2527 accendetur,
787 2461 817 2515 et
837 2456 995 2532 periculum
1017 2460 1070 2527 est,
1093 2476 1129 2514 nc

53 2537 95 2592 ah
126 2535 188 2610 ejus
214 2535 412 2595 Misericordia
432 2537 551 2595 Infinita
572 2536 789 2613 derelinquaris,
812 2542 842 2595 et
862 2536 991 2595 Justitiee
1012 2535 1127 2595 Divinae

53 2614 154 2673 omnia
185 2615 215 2673 in
243 2616 288 2674 ira
308 2617 503 2676 consumentis
524 2617 630 2675 misera
651 2619 758 2675 evadas
779 2617 912 2687 victima;
934 2617 1010 2692 quod
1032 2617 1128 2675 Omni·

54 2700 161 2771 potens
181 2697 261 2754 Deus
282 2702 398 2756 avertat
418 2699 455 2756 ad
476 2698 613 2773 majorem
634 2696 764 2756 Nominis
777 2697 823 2757 sui
837 2697 967 2772 gloriam,
983 2702 1012 2755 et
1026 2697 1129 2757 animm

53 2782 115 2833 tuac
137 2775 274 2846 Salutem,
296 2797 429 2836 necnon
451 2778 480 2836 in
502 2779 657 2836 multorum
678 2777 936 2836 infelicissimorum
951 2777 994 2836 tui
1007 2779 1128 2836 Idolola-

54 2860 168 2913 trarum
198 2857 377 2916 salutiferum
404 2863 434 2916 et
458 2859 636 2933 sequendum
657 2859 829 2933 exemplum,
852 2877 904 2932 per
924 2857 1077 2916 Dominum
1100 2863 1128 2916 et

54 2935 238 2994 Salvatorem
271 2942 402 2996 nostrum
433 2939 534 2996 Jesum
565 2937 721 3008 Christum,
744 2939 878 3013 quicum
900 2939 1019 2995 AEterno
1040 2938 1129 2995 Patre

54 3014 133 3073 vivit
164 3021 193 3075 et
224 3024 329 3093 regnat
360 3018 391 3076 in
421 3017 534 3076 unitate
566 3017 691 3093 Spiritus
722 3017 821 3076 Sancti
850 3018 930 3075 Deus
955 3036 1008 3092 per
1033 3017 1128 3075 omnia
1178 3031 1181 3036 ’

52 3096 162 3154 saecula
183 3098 364 3156 saeculorum.
387 3099 491 3157 Amen.

86 3229 222 3277 Florentiae
239 3231 282 3276 111.
299 3231 363 3278 Non.
382 3230 451 3292 Sept.
468 3245 509 3278 ero
525 3244 550 3278 rc
567 3245 657 3278 ccxxv.
