2662 4298
174 322 194 379 6
625 342 795 383 rascraros

174 509 293 581 veritas,
315 514 377 568 tum
393 507 520 579 dicimus,
535 509 628 566 Deum
642 508 781 584 trianguli
795 510 889 569 ideam
904 511 1020 582 habere,
1035 511 1098 570 sive
1108 517 1245 572 naturam

174 589 314 665 trianguli
340 588 511 664 intelligere.
543 588 599 646 Sed
620 609 684 646 oum
705 596 807 664 postea
827 591 864 649 ad
885 592 940 651 hoc
961 591 1148 663 attendimus,
1169 595 1246 669 quod

175 677 281 730 natura
294 669 434 743 trianguli
448 668 489 726 sic
502 668 533 726 in
544 674 650 726 natura
661 669 759 728 divina
770 670 936 731 continetur
947 691 985 730 ex
997 672 1058 730 sola
1071 673 1247 732 necessitate

176 751 282 809 divinae
303 755 426 819 naturae,
448 754 477 807 et
498 769 556 817 non
578 769 613 807 ex
633 751 806 809 necessitate
827 752 961 810 essentiae
982 758 1012 810 et
1026 758 1141 812 naturae
1154 753 1246 812 trian-

177 831 249 907 guli;
280 831 346 901 imo,
382 830 458 905 quod
479 829 637 887 necessitas
658 831 791 890 essentiae
813 836 843 889 et
863 832 1075 908 proprietatum
1095 833 1246 909 trianguli,

176 917 319 988 quatenus
340 909 426 968 etiam
448 914 480 967 ut
502 914 618 969 aetornae
639 910 779 969 veritates
799 912 1008 988 concipiuntur,
1030 933 1048 971 a
1069 914 1132 972 sola
1146 934 1246 973 neces-

176 993 263 1051 sitate
297 991 404 1049 divinae
425 995 537 1048 naturae
559 994 588 1048 et
608 989 773 1050 intellectus
794 993 928 1067 pendeat,
951 998 981 1051 et
1001 1013 1060 1051 non
1081 1013 1119 1052 ex
1140 999 1248 1053 natura

102 1140 107 1151 ¹
175 1071 328 1146 trianguli;
360 1076 422 1130 tum
443 1070 472 1128 id
493 1070 596 1146 ipsum,
619 1073 695 1146 quod
718 1071 772 1130 Dei
792 1074 970 1131 intellectum
991 1074 1170 1146 vocavimus
1193 1075 1247 1133 Dei

175 1154 355 1211 voluntatem
391 1151 453 1209 sive
492 1151 638 1210 decretum
677 1153 864 1228 appellamus.
898 1153 993 1223 Quare
1023 1160 1162 1229 respectu
1192 1155 1247 1214 Dei

177 1253 264 1292 unum
296 1237 326 1290 et
355 1232 431 1290 idem
452 1232 638 1300 affirmamus
661 1251 725 1290 cum
747 1233 875 1304 dicimus,
898 1235 991 1292 Deum
1011 1237 1049 1292 ab
1070 1238 1180 1294 aeterno
1201 1236 1246 1294 de·

177 1313 302 1372 crevisse
323 1317 353 1370 et
373 1313 507 1384 voluisse,
529 1316 589 1370 tres
610 1313 732 1385 angulos
752 1312 893 1387 trianguli
912 1314 1037 1389 aquales
1057 1334 1122 1373 ease
1137 1315 1249 1374 duobus

176 1388 272 1464 rectis,
304 1394 359 1458 vel,
391 1393 484 1450 Deum
514 1393 570 1450 hoc
603 1392 697 1468 ipsum
717 1393 904 1452 intellexisse.
927 1395 1010 1453 Unde
1031 1395 1171 1470 sequitur,
1193 1395 1247 1454 Dei

176 1473 384 1532 affirmationes
415 1477 445 1530 et
476 1472 647 1547 negationes
667 1478 805 1532 aeternam
827 1494 940 1550 semper
961 1474 1166 1534 necessitatem
1185 1476 1247 1535 sive

176 1555 329 1613 veritatem
360 1553 518 1612 involvere.
552 1552 581 1611 Si
611 1553 718 1628 itaque,
749 1554 874 1630 exempli
906 1555 1010 1629 gratia,
1032 1557 1113 1614 Deus
1133 1557 1247 1615 Adamo

177 1634 260 1706 dixit,
292 1654 323 1691 se
355 1634 440 1703 nolle,
462 1638 495 1691 ut
516 1632 551 1691 de
572 1636 675 1691 arbore
696 1634 870 1708 cognitionis
891 1635 959 1693 boni
980 1639 1009 1692 et
1030 1636 1099 1694 mali
1119 1637 1246 1695 comede·

177 1720 237 1784 ret;
269 1713 524 1772 contradictionem
554 1713 724 1789 implicaret,
746 1715 890 1773 Adamum
912 1717 947 1773 de
967 1715 1017 1774 illa
1038 1718 1143 1775 arbore
1163 1736 1247 1792 posse

178 1796 335 1864 comedere,
367 1795 495 1869 adeoque
525 1794 701 1870 impossibile
731 1795 816 1865 foret,
838 1800 871 1853 ut
892 1796 1022 1854 Adamas
1043 1797 1078 1854 de
1099 1816 1135 1855 ea
1156 1816 1245 1856 come·

178 1876 274 1933 deret:
306 1895 373 1932 nam
405 1874 534 1933 divinum
564 1875 635 1932 illud
664 1875 811 1933 decretum
833 1879 973 1933 aeternam
994 1876 1198 1936 necessitatem
1217 1882 1248 1936 et
1305 1914 1311 1929 1

178 1956 330 2014 veritatem
353 1955 499 2013 debuisset
519 1954 677 2013 involvere.
699 1956 808 2013 Verum
829 1957 965 2032 quoniam
984 1956 1135 2031 Scriptura
1149 1962 1246 2019 tamen

178 2040 287 2106 narrat,
309 2037 401 2093 Deum
422 2035 452 2093 id
473 2035 584 2093 Adamo
606 2035 787 2110 praecepisse,
809 2041 839 2094 et
853 2036 1039 2094 nihilominus
1053 2038 1198 2096 Adamum
1212 2037 1246 2096 do

179 2118 278 2176 eadem
299 2114 464 2186 comedisse,
488 2115 650 2174 necessario
672 2116 822 2174 dicendum
837 2121 891 2187 est,
906 2118 998 2175 Deum
1012 2117 1126 2175 Adamo
1140 2119 1245 2177 melum

178 2202 293 2256 tantum
323 2196 508 2268 revelavisse,
531 2197 606 2271 quod
627 2217 691 2255 eum
712 2197 875 2255 necessario
897 2203 1074 2272 sequeretur,
1097 2198 1122 2256 si
1144 2199 1179 2257 de
1198 2199 1248 2256 illa

180 2282 282 2338 arbore
303 2278 474 2348 comederet,
497 2282 528 2336 at
548 2297 607 2335 non
627 2277 829 2335 necessitatem
851 2277 1062 2335 consecutionis
1074 2277 1152 2336 illius
1166 2278 1247 2337 mali:

179 2360 263 2418 Unde
291 2359 401 2417 factum
428 2363 482 2426 est,
504 2362 537 2416 ut
557 2359 687 2415 Adamas
707 2357 786 2415 illam
807 2357 1012 2416 revelationem
1034 2378 1093 2416 non
1113 2363 1148 2416 ut
1168 2364 1248 2418 aeter-

180 2459 247 2497 nam
278 2445 308 2497 et
338 2437 530 2496 necessariam
558 2436 711 2496 veritatem
743 2437 912 2513 perceperit,
947 2440 997 2496 sed
1018 2443 1051 2496 ut
1071 2438 1175 2513 legem,
1196 2440 1251 2498 hoc

180 2524 225 2577 est
252 2522 285 2576 ut
312 2517 487 2588 institutum,
510 2517 586 2592 quod
606 2518 718 2575 lucrum
740 2522 791 2576 aut
812 2519 946 2576 damnum
969 2519 1109 2594 sequitur,
1131 2539 1191 2578 non
1212 2538 1248 2578 ex

180 2598 353 2657 necessitate
384 2602 413 2656 et
445 2603 551 2656 natura
582 2598 704 2656 actionis
734 2602 866 2673 patratae,
902 2599 953 2656 sed
974 2618 1011 2656 ex
1032 2599 1092 2657 solo
1113 2598 1199 2658 libitu
1218 2604 1247 2659 ct

181 2679 312 2738 absoluto
332 2677 452 2754 imperio
474 2677 594 2754 alicujus
615 2678 765 2754 Principia.
789 2679 884 2748 Quare
905 2678 954 2736 illa
966 2679 1105 2737 revelatio
1117 2683 1250 2756 respectu

181 2759 269 2818 solius
300 2759 414 2828 Adami,
447 2765 477 2817 et
497 2763 616 2834 propter
638 2759 729 2816 solum
750 2760 893 2816 defectum
915 2760 978 2834 ejus
998 2758 1182 2833 cognitionis,
1203 2761 1251 2818 lex

182 2841 248 2910 fuit,
280 2839 416 2915 Deosque
447 2839 528 2914 quasi
561 2839 711 2913 legislator
733 2844 783 2897 aut
804 2839 951 2915 Princeps.
973 2840 1011 2896 Et
1031 2841 1087 2898 hac
1108 2840 1196 2899 etiam
1216 2841 1251 2898 do

182 2940 278 2989 causa,
301 2939 403 2995 nempe
424 2923 460 2978 ob
482 2921 625 2978 defectum
647 2919 828 2994 cognitionis
851 2921 1023 2994 Decalogus,
1045 2926 1180 2995 respectu
1193 2921 1248 2979 He-

182 3004 324 3059 braeorum
356 3004 478 3071 tantum,
510 3001 556 3058 lex
590 3000 663 3070 fuir,
685 3020 761 3073 nam,
784 2999 918 3074 quoniam
939 3000 993 3057 Dei
1014 3000 1200 3059 existentiam
1219 3004 1251 3058 nt

183 3087 320 3141 aeternam
348 3080 500 3138 veritatem
522 3101 581 3139 non
602 3085 754 3151 noverant,
776 3081 840 3138 ideo
861 3080 899 3150 id,
922 3081 997 3154 quod
1018 3080 1089 3155 ipsis
1108 3080 1139 3138 in
1160 3082 1251 3140 Deca-

182 3163 249 3235 logo
281 3160 441 3218 revelatum
472 3161 536 3234 fuit,
570 3181 672 3236 nempe
703 3162 796 3219 Deum
831 3161 965 3230 existere,
987 3161 1138 3237 Deumque
1159 3162 1248 3220 solum

184 3242 362 3300 adorandum
394 3260 466 3312 6666,
488 3245 626 3316 tanquam
647 3242 741 3315 legem
761 3240 909 3316 percipere
931 3242 1108 3312 debuerunt3
1131 3240 1253 3317 quodsi

184 3323 263 3380 Deus
295 3321 381 3379 nullis
412 3321 512 3379 mediis
544 3322 689 3397 corporeis
720 3321 865 3391 adhibitis,
899 3323 949 3380 sed
969 3321 1134 3380 immediate
1153 3322 1252 3380 11616-

184 3406 290 3477 quutus
320 3401 431 3471 fuisset,
463 3402 517 3460 hoc
546 3404 640 3478 ipsum
671 3423 730 3461 non
761 3407 898 3477 tanquam
920 3402 1023 3476 legem,
1044 3402 1095 3460 sed
1115 3407 1253 3478 tanquam

186 3487 323 3540 aternam
350 3481 504 3540 veritatem
524 3483 730 3558 percepissent.
758 3485 849 3557 Atque
870 3484 933 3551 hoc,
956 3483 1032 3556 quod
1053 3483 1089 3540 de
1109 3481 1251 3542 Israelitis

185 3567 215 3619 et
245 3562 357 3619 Adamo
390 3561 517 3635 dicimus,
551 3564 586 3620 de
621 3564 752 3621 omnibus
773 3564 860 3622 etiam
881 3562 1044 3638 Prophetis,
1067 3562 1115 3637 qui
1136 3562 1251 3621 nornine

184 3642 239 3700 Dei
269 3642 350 3715 leges
382 3641 568 3717 scripserunt,
601 3643 760 3716 dicendum,
793 3643 927 3701 videlicet
958 3643 1034 3717 quod
1060 3643 1115 3701 Dei
1136 3644 1252 3702 decreta

186 3743 243 3781 non
280 3722 441 3796 adaequate,
472 3728 505 3780 ut
539 3727 664 3782 aeternas
683 3724 832 3794 veritates,
854 3728 1054 3799 perceperunt.
1076 3724 1130 3783 Ex.
1152 3743 1197 3798 gr.
1218 3724 1254 3781 de

185 3803 248 3879 ipso
280 3803 361 3860 Μο66
392 3802 479 3860 etiam
511 3802 662 3862 dicendum
693 3809 747 3872 est,
779 3825 842 3863 eum
876 3824 913 3862 ex
944 3804 1121 3862 revelatione
1149 3804 1197 3862 vel
1216 3822 1253 3863 ex
