2662 4298
408 366 724 408 1110111110-11111111
745 368 808 408 111.
830 368 905 408 xvn.
1142 352 1199 411 147

125 545 299 613 aperturam
334 537 424 594 vulva
455 535 494 604 (id
526 542 571 594 est
603 534 848 612 primogenitum),
874 543 906 594 ut
930 555 975 594 eos
995 544 1146 608 vastarem,
1168 546 1200 596 ut

126 621 234 677 scirent
261 618 338 693 qaod
359 635 407 686 090
427 636 492 674 mem
513 618 631 675 Jelove.
655 616 726 686 Quae
747 618 848 687 verba,
869 620 899 674 et
919 636 1007 675 causa
1028 617 1201 676 vastationis

127 696 250 774 imperii,
283 701 316 754 ut
346 700 424 754 recte
445 696 655 770 intelligantur,
677 697 845 766 notandum,
868 697 943 771 quod
964 697 1088 772 primum
1108 697 1200 756 inten-

126 784 191 837 tum
222 777 287 847 fuit,
310 780 404 834 totum
425 796 539 834 sacrum
560 776 750 834 ministerium
771 776 971 851 primogenitis
996 778 1120 847 tradere,
1142 798 1201 836 non

127 857 241 916 Levitis
274 856 352 930 (vide
383 856 499 915 Numer.
532 876 595 932 cap.
628 859 656 915 8.
685 876 729 915 vs.
760 858 835 930 17.);
857 858 907 915 161
928 863 1082 932 postquam
1103 877 1202 917 omnes

128 943 239 1015 praeter
280 936 400 995 Levitae
434 936 556 995 vitulum
592 938 797 1007 adoraverunt,
829 937 974 1012 repudiati
1004 943 1034 996 et
1064 937 1202 1013 impurati

129 1024 200 1077 sunt
232 1016 428 1092 primogeniti,
453 1021 484 1074 et
505 1016 617 1076 Levitae
639 1037 737 1076 eorum
759 1017 821 1075 loco
842 1017 926 1075 electi
947 1019 1115 1092 (Deuteron.
1138 1039 1200 1094 cap.

129 1101 177 1157 10.
208 1117 252 1155 vs.
276 1099 334 1170 8.);
356 1116 421 1171 quae
441 1097 574 1168 mutatio,
596 1117 652 1172 quo
673 1117 737 1155 eam
758 1097 852 1171 magis
874 1117 907 1156 ae
927 1098 1021 1173 magis
1041 1098 1201 1168 considero,

126 1180 159 1236 in
191 1180 281 1236 verba
312 1177 432 1235 Taciti*
466 1197 511 1235 me
533 1177 612 1252 cogit
632 1197 791 1253 erumpere,
813 1177 862 1235 illo
883 1183 1012 1253 tempore
1033 1198 1092 1236 non
1112 1179 1201 1238 fuisse

127 1261 190 1317 Deo
212 1275 288 1317 cura
310 1257 496 1315 securitatem
517 1257 641 1329 illorum,
663 1258 751 1316 fuisse
772 1258 919 1316 ultionem.
941 1258 1001 1317 Nec
1020 1258 1092 1316 satis
1103 1258 1202 1317 mirari

128 1359 257 1415 possum,
280 1342 392 1396 tantam
414 1337 509 1396 animo
531 1338 640 1397 coelesti
660 1338 748 1396 fuisse
768 1338 850 1408 iram,
872 1343 905 1397 ut
924 1338 1003 1414 ipsas
1023 1339 1110 1412 leges,
1134 1359 1199 1414 quae

128 1438 244 1493 semper
265 1419 356 1476 solum
378 1418 507 1476 universi
527 1419 625 1494 populi
648 1419 795 1487 honorem,
817 1419 940 1476 salutem
964 1423 994 1477 et
1014 1418 1199 1477 securitatem

126 1499 294 1569 intendunt,
332 1498 427 1556 auimo
459 1518 489 1556 se
520 1499 694 1568 vindicandi,
728 1503 757 1557 11
788 1499 825 1557 ad
855 1499 992 1574 populum
1023 1499 1200 1574 puniendum

128 1579 300 1648 condiderit,
333 1579 375 1636 ita
405 1583 439 1636 ut
468 1578 548 1652 leges
579 1599 637 1636 non
668 1580 756 1653 lagae,
779 1579 835 1639 hoc
856 1584 901 1637 611
920 1579 1020 1654 populi
1040 1580 1127 1651 saluS,
1149 1580 1200 1638 sed

127 1659 228 1736 potius
248 1678 343 1734 poenae
364 1663 395 1717 et
416 1659 557 1734 supplicia
577 1659 647 1718 visae
668 1660 735 1718 sint.
758 1659 861 1718 Omnia
882 1660 957 1717 enim
978 1679 1107 1734 munera,
1135 1680 1199 1735 quae

127 1739 242 1798 Levitis
271 1744 301 1796 et
332 1739 529 1797 sacerdotibus
562 1740 631 1798 dare
662 1742 844 1810 tenebantur,
876 1744 909 1798 ut
940 1740 1026 1798 etiam
1048 1740 1124 1815 quod
1144 1741 1200 1815 pri·

132 1819 275 1895 mogeniti
299 1819 400 1877 redimi
421 1820 573 1890 debebant,
595 1824 625 1877 et
644 1826 798 1894 argentum
818 1840 871 1896 pro
889 1818 984 1895 capite
998 1820 1108 1878 Levitis
1121 1821 1199 1891 dare,

130 1906 161 1960 11
195 1899 319 1975 denique
345 1899 421 1974 quod
442 1899 553 1957 Levitis
573 1899 642 1957 solis
663 1901 697 1958 ad
720 1921 802 1959 sacra
823 1901 959 1959 accedere
980 1901 1199 1972 concedebatur,

127 2001 179 2039 eos
221 1980 357 2038 continuo
399 2000 460 2038 suae
501 1979 678 2055 impuritatis
718 1986 749 2038 et
788 1980 996 2056 repudiationis
1028 1983 1199 2055 arguebant.

128 2062 290 2120 Habebant
312 2060 414 2118 deinde
435 2059 554 2130 Levitae,
577 2062 652 2135 quod
672 2060 708 2118 iis
728 2061 864 2119 continuo
886 2063 1105 2136 exprobrarent.
1126 2061 1200 2119 Nam

128 2161 190 2199 non
222 2140 338 2198 dubium
359 2145 412 2210 est,
435 2139 505 2215 quin
525 2139 602 2198 inter
621 2145 666 2198 tot
686 2140 775 2198 millia
795 2140 878 2199 multi
898 2141 1055 2216 importuni
1076 2142 1198 2199 Theolo-

127 2221 222 2296 gastri
243 2220 352 2296 reperti
371 2220 496 2291 fuerint;
518 2221 594 2279 unde
615 2221 720 2296 populo
739 2221 920 2293 desiderium,
933 2220 1197 2291 factaLevitarum,

127 2302 178 2377 qui
212 2303 320 2375 absque
341 2300 427 2358 dubio
448 2300 578 2358 homines
599 2305 693 2370 erant,
715 2301 897 2372 observandi,
919 2305 957 2370 et,
980 2305 1013 2359 ut
1033 2301 1075 2371 fit,
1098 2321 1197 2359 omnes

127 2385 165 2441 ob
198 2381 283 2439 unius
314 2381 448 2439 delictum
480 2381 641 2439 accusandi.
674 2380 751 2439 Hinc
778 2381 914 2440 continuo
935 2401 1075 2452 rumores
1095 2381 1197 2440 deinde

126 2461 277 2521 fastidium
299 2461 429 2519 homines
450 2461 558 2519 otiosos
581 2466 609 2519 et
623 2461 741 2534 invisos,
756 2482 809 2520 nec
820 2462 962 2536 sanguine
972 2461 1008 2520 iis
1019 2462 1196 2538 conjunctos

82 2561 85 2566 ·
127 2542 234 2616 alendi,
257 2540 403 2616 praecipue
424 2541 449 2599 si
469 2561 585 2599 annona
607 2562 675 2600 cara
693 2547 765 2602 erat.
789 2542 863 2612 Quid
884 2541 975 2618 igitur
996 2542 1108 2613 mirum,
1133 2542 1157 2601 si
1167 2542 1198 2600 in

126 2623 197 2694 oti0,
242 2622 356 2696 quando
402 2621 556 2679 manifesta
597 2623 737 2681 miracula
781 2626 942 2694 cessabant,
984 2643 1038 2682 nec
1068 2623 1198 2681 homines

126 2701 362 2778 exquisitissimae
387 2702 574 2760 authoritatis
595 2703 748 2775 dabantur,
770 2704 868 2780 populi
890 2704 1002 2762 animus
1023 2703 1155 2762 irritatus
1169 2709 1199 2762 et

126 2803 237 2842 avarus
257 2782 445 2856 languescere
467 2781 615 2857 inciperet,
639 2788 669 2841 et
689 2785 806 2842 tandem
822 2786 939 2855 acultu,
952 2784 1197 2860 quamvisdivin0,

126 2863 184 2923 sibi
217 2867 314 2920 tamen
336 2862 526 2936 ignominioso
548 2867 578 2920 11
600 2863 686 2921 etiam
708 2872 850 2939 suspecto,
872 2865 1015 2933 deficeret,
1038 2869 1067 2922 61
1092 2884 1197 2922 novum

126 2947 265 3018 euperet3
289 2947 319 3001 et
343 2943 418 3017 quod
440 2942 598 3019 Principes,
621 2944 670 3018 qui
692 2963 813 3019 semper,
835 2950 868 3002 ut
876 2945 923 3019 jus
935 2964 1075 3003 summum
1086 2944 1198 3019 imperii

126 3023 182 3083 soli
207 3022 366 3093 obtineant,
389 3023 467 3080 viam
490 3024 636 3095 affectant,
659 3028 691 3081 ut
711 3024 847 3099 populum
870 3024 924 3082 sibi
945 3024 1108 3098 alligarent,
1131 3028 1199 3082 eta

126 3103 272 3163 Pontifice
304 3107 480 3174 averterent,
513 3103 609 3161 omnia
641 3103 667 3161 ei
698 3104 897 3177 concederent,
929 3123 1076 3179 novosque
1105 3106 1199 3162 cultus

126 3183 358 3242 introducerent.
411 3183 493 3252 Quod
546 3184 571 3242 si
613 3203 650 3242 ex
690 3183 784 3257 prima
824 3183 985 3242 intentione
1025 3184 1199 3258 Respublica

127 3263 291 3324 constituta
312 3262 423 3334 fuisset,
443 3264 491 3339 jus
512 3264 644 3322 omnibus
666 3264 799 3322 tribubus
813 3269 842 3322 et
853 3265 946 3321 honor
957 3263 1076 3338 aequalis
1087 3282 1199 3338 semper

126 3345 240 3415 11111111,
274 3349 303 3402 et
341 3344 437 3402 omnia
468 3343 648 3402 securissime
679 3364 741 3402 sese
773 3344 957 3414 habuissent3
980 3362 1046 3400 nam
1069 3343 1133 3417 quie
1151 3343 1199 3418 jus

126 3444 243 3484 sacrum
276 3444 392 3482 suorum
424 3425 704 3499 consanguineorum
739 3425 848 3483 violare
879 3425 988 3482 vellet?
1020 3422 1087 3497 quid
1121 3423 1198 3481 aliud

126 3505 250 3564 mallent
290 3524 375 3580 quam
408 3524 474 3562 suos
507 3504 745 3579 consanguinem,
777 3506 892 3572 fratres,
924 3508 954 3562 et
985 3506 1129 3579 parentes,
1162 3523 1199 3561 ex

128 3585 240 3662 pietate
272 3584 433 3659 Religionis
465 3585 563 3643 alere?
586 3606 671 3660 quam
691 3585 791 3643 iisdem
812 3586 909 3659 legum
929 3583 1198 3659 interpretationem

129 3665 266 3725 edoceri?
288 3670 317 3724 et
340 3684 425 3740 quam
450 3665 572 3740 denique
594 3668 630 3724 ab
654 3665 754 3724 iisdem
767 3665 864 3724 divina
874 3684 1012 3740 responsa
1023 3667 1198 3739 expectaret

161 3848 171 3867 '
188 3847 249 3893 Η111
265 3847 281 3892 l.
301 3847 321 3892 l.
342 3861 396 3907 cap.
413 3847 434 3892 3.
