2662 4298
547 363 686 402 EPISTOLA
706 361 770 401 LVI.

421 530 640 588 Errsronn
660 529 728 586 LVI
753 530 838 602 (omn
858 531 923 604 nx).

362 654 551 730 Arnplissimo
572 655 867 730 Prudentissimoqree
902 656 977 714 Viro

428 778 872 860 ¹HUGONIBOXEL

589 904 624 960 B.
646 922 674 960 n.
696 902 724 960 S.
788 898 792 903 ’

434 1028 589 1101 Responsio
610 1029 649 1085 od
666 1028 892 1102 praecedentem,

584 1131 687 1191 Versio
708 1137 732 1168 *¹

244 1241 428 1314 Arnplissime
452 1240 512 1309 Vir,

165 1348 210 1404 Ad
243 1351 321 1406 tuam
344 1346 527 1420 respondere,
548 1345 612 1403 heri
632 1343 701 1402 mihi
721 1344 874 1415 traditam,
902 1367 1057 1423 propero;
1080 1368 1112 1405 eo
1130 1346 1187 1422 quoi,

124 1426 148 1483 si
179 1426 324 1500 longiores
355 1431 439 1484 necto
470 1445 574 1496 moras,
606 1445 694 1500 cogar
721 1426 955 1499 responsionem
991 1428 1111 1497 diutius,
1131 1446 1189 1502 quan

127 1506 241 1581 quidem
272 1507 384 1573 vellem,
420 1506 544 1564 differre.
578 1507 641 1564 Tua
670 1525 716 1562 me
747 1508 906 1564 turbasset
930 1509 1089 1582 valetudo,
1113 1507 1190 1566 nisite

125 1587 228 1644 melius
248 1587 355 1645 habere
369 1586 590 1656 intellexissem
606 1591 636 1644 et
650 1605 742 1660 spere,
757 1586 863 1661 tejam
879 1588 1011 1646 omnino
1027 1587 1191 1647 convaluisse.

168 1667 260 1734 Quom
291 1667 446 1724 difficulter
477 1667 542 1736 duo,
576 1666 624 1741 qui
655 1665 769 1723 diversa
799 1679 979 1741 sequuntur
1012 1667 1193 1744 principiain

127 1746 249 1802 materia
280 1766 297 1802 a
329 1747 427 1804 multis
459 1746 523 1804 aliis
544 1747 731 1822 dependente,
752 1744 880 1804 invicem
904 1748 1032 1822 possint
1056 1748 1193 1818 convenire,

127 1829 157 1883 et
187 1824 261 1883 idem
290 1826 406 1896 sentire,
429 1846 465 1884 ex
487 1828 543 1884 hac
564 1826 728 1896 Quaestione
749 1826 818 1894 sola,
842 1826 917 1884 licet
941 1830 1032 1887 nulla
1054 1830 1085 1887 id
1107 1831 1194 1888 demon·

128 1910 235 1963 straret
260 1906 343 1976 ratio,
366 1912 488 1981 pateret.
510 1907 565 1965 Dic
585 1906 665 1977 mihi,
687 1926 793 1981 queeso,
813 1925 852 1964 an
875 1906 1002 1983 aliquos
1025 1909 1196 1984 Philosophos

129 1985 236 2043 videris
267 1992 317 2044 aut
338 1987 453 2061 legeris,
476 1987 574 2061 quiin
596 1989 768 2044 caluerunt
789 1987 954 2060 sententia,
980 1992 1128 2048 mundum
1147 2008 1196 2047 casu

127 2067 237 2125 factum
272 2087 349 2137 esse;
377 2087 479 2142 nempe
501 2087 534 2125 eo
556 2087 651 2137 sensu,
674 2086 729 2142 quo
750 2071 782 2124 tu
803 2066 962 2141 intelligis,
988 2071 1090 2128 Deum
1111 2069 1198 2128 scilicet

128 2147 158 2204 in
190 2149 312 2206 creando
344 2148 450 2205 mundo
481 2168 599 2222 scopum
630 2147 684 2204 sibi
704 2147 854 2222 praefixum
877 2147 1041 2218 habuisse,
1068 2156 1198 2208 ettamen

129 2248 203 2299 cum,
236 2249 319 2303 (luem
352 2229 528 2295 decreverat,
561 2233 775 2301 transgressum
806 2246 878 2284 esse.
925 2228 1043 2288 Nescio
1068 2232 1128 2289 tale
1148 2230 1199 2306 quid

128 2329 254 2384 unquam
286 2310 315 2366 in
347 2309 431 2366 ullius
453 2307 576 2365 hominis
597 2308 801 2381 cogitationem
823 2306 987 2379 incidisse;
1012 2311 1151 2369 similiter
1168 2329 1200 2367 nc

128 2390 209 2460 latet,
242 2390 346 2465 ‹piibus
377 2389 545 2457 rationibus
568 2394 600 2445 ut
622 2389 736 2445 credam
758 2389 921 2444 Fert-uitem
950 2394 983 2446 et
1009 2393 1199 2450 Necessarium

130 2490 186 2527 non
219 2491 281 2527 esso
314 2470 468 2539 contraria,
500 2468 569 2526 mihi
599 2469 773 2543 persuadere
801 2466 924 2535 conaris
964 2470 1069 2538 Quam
1093 2473 1200 2548 primun

129 2550 336 2621 animadverto,
369 2556 429 2608 tres
460 2550 597 2623 trianguli
631 2550 752 2622 angulos
782 2548 893 2605 duobus
925 2550 1023 2608 rectis
1048 2552 1202 2610 necessario

128 2630 256 2703 aequalos
277 2650 348 2699 esse,
371 2651 446 2703 nego
468 2651 580 2705 quoque
602 2630 630 2686 id
643 2628 793 2686 casuiicri.
816 2627 965 2699 Similiter,
980 2633 1202 2708 quamprimum

127 2708 257 2778 adverte,
280 2710 403 2766 calorem
426 2711 618 2767 necessarium
639 2709 716 2784 ignis
736 2729 799 2767 esse
820 2709 965 2778 effectum,
992 2731 1077 2785 nego
1102 2731 1202 2788 quoque

128 2787 156 2844 id
178 2807 247 2844 casu
268 2788 405 2845 accidere.
440 2790 520 2857 Quod
544 2792 743 2848 Necessarium
764 2809 798 2846 ac
819 2789 957 2845 Liberum
983 2791 1044 2848 duo
1063 2792 1203 2850 contraria

128 2871 205 2937 sunt,
228 2887 285 2924 non
306 2868 401 2926 minus
423 2870 578 2926 absurdum
600 2875 629 2927 et
650 2869 767 2927 Rationi
788 2887 955 2944 repugnans
979 2871 1126 2930 videtur:
1147 2893 1203 2930 nan

128 2968 210 3005 nemo
242 2967 350 3022 negare
381 2954 485 3023 potest,
518 2951 610 3007 Deum
642 2951 775 3024 seipsum,
798 2956 827 3006 et
848 2951 956 3005 coetera
983 2952 1101 3020 omnia,
1125 2954 1204 3011 libere

128 3049 310 3103 cognoscere,
333 3035 362 3086 et
384 3034 480 3088 tamon
501 3031 597 3088 cuncti
614 3029 757 3087 communi
771 3027 907 3102 suffragio
920 3032 1105 3103 concedunt,
1120 3035 1202 3091 Deum

128 3109 253 3184 seipsum
284 3111 445 3168 necessario
474 3130 654 3184 cognoscere.
689 3111 784 3179 Quare
805 3109 874 3166 mihi
896 3108 1008 3166 nullam
1032 3111 1118 3171 inter
1140 3114 1204 3172 Coa-

127 3190 260 3259 ctionem,
283 3191 329 3247 vel
346 3191 412 3260 vim,
425 3197 454 3248 et
468 3191 674 3248 Necessitatem
690 3190 880 3247 differentiam
892 3188 1077 3250 constituere
1091 3194 1203 3251 videris.

129 3271 211 3339 Quod
242 3272 326 3327 homo
358 3272 422 3329 vult
453 3272 560 3341 vivere,
593 3291 699 3341 amare,
729 3277 793 3339 etc,
816 3291 873 3327 non
896 3273 940 3326 est
962 3277 1103 3330 coactum
1128 3294 1204 3349 opus.

130 3352 179 3408 sed
210 3356 306 3408 tamen
328 3352 530 3422 necessarium,
553 3357 582 3408 et
603 3352 692 3408 multo
713 3351 815 3424 magis
839 3350 913 3424 quod
936 3349 1017 3407 Deus
1041 3353 1111 3411 vult
1134 3374 1202 3420 esse,

126 3451 309 3505 cognoscere,
332 3452 365 3489 ac
386 3432 509 3507 operari.
545 3432 583 3502 Si,
605 3437 713 3506 praeter
734 3431 819 3501 dicta,
842 3430 935 3488 animo
958 3431 1064 3501 volvis
1088 3434 1203 3492 indiffe-

130 3511 252 3569 rentiam
285 3533 343 3570 non
373 3512 429 3570 nisi
459 3513 654 3587 ignorantiam
686 3512 732 3569 vel
763 3511 973 3568 dubitationem
1005 3530 1081 3583 esse,
1120 3521 1207 3590 atque

130 3593 309 3649 voluntatem
340 3613 452 3667 semper
484 3598 672 3661 constantem,
706 3596 735 3649 et
762 3591 792 3648 in
814 3592 946 3648 omnibus
968 3590 1207 3655 determinatam.

131 3671 276 3742 virtutem,
302 3672 551 3748 necessariamque
572 3673 734 3730 intellectus
756 3691 817 3729 esse
839 3670 1070 3746 proprietatem,
1093 3675 1210 3734 videbis

161 3824 171 3843 '
188 3825 224 3869 Ab
242 3829 345 3870 auctore
363 3826 438 3870 facta.
