2662 4298
417 347 731 387 mmmmm-romum
753 347 818 387 oar.
832 347 904 387 mu.
1159 331 1196 388 57

127 520 199 578 dum
233 516 339 575 diserte
370 516 402 574 in
425 517 486 574 solo
507 516 617 574 ambitu
638 515 722 574 unius
743 535 801 573 aree
824 515 903 588 (vide
925 516 1042 575 Denter.
1064 536 1126 592 cap.
1149 519 1197 577 27.

128 603 160 658 et
180 600 281 657 Josuae
302 616 364 672 cap.
387 598 405 654 8
436 616 512 656 vers,
535 598 583 655 37.
605 599 681 669 etc),
704 615 768 670 quae
791 615 828 653 ex
847 595 1044 654 Rabbinorum
1058 597 1197 656 relatione

128 677 281 738 duodecim
302 681 416 735 tantum
436 676 579 752 lapidibus
599 677 766 745 coustabet3
789 695 827 733 ex
848 695 905 750 quo
930 676 1069 752 sequitur,
1084 678 1196 749 librum,

128 757 222 818 Mosis
245 758 332 831 longe
352 756 471 815 minoris
490 756 579 815 fuisso
599 756 682 814 molis
703 774 788 830 quam
810 756 1039 816 Pentateuohon.
1062 757 1133 829 Hoc,
1156 758 1197 816 in·

129 858 228 915 quem,
260 841 330 914 puto
358 838 508 895 authorem
530 838 608 894 hunc
627 835 791 910 significare
812 835 939 893 voluisse
959 856 1012 911 per
1032 827 1197 914 adpetentem

129 921 297 989 duodecim
319 916 374 975 nisi
394 919 470 975 forte
489 916 634 975 intellexit
654 915 803 974 duodecim
816 915 882 973 illas
896 906 1120 987 maledictidnes,
1133 937 1196 993 quae

115 999 158 1058 'in
192 997 330 1074 praedicto
362 1016 426 1072 cap.
457 998 543 1055 Deut.
574 998 727 1065 habentur,
760 1016 832 1071 quas
861 996 984 1055 fortasse
998 997 1119 1056 eredidit
1138 1019 1197 1056 non

129 1079 220 1138 fuisse
251 1077 282 1136 iu
312 1077 385 1135 libro
416 1077 490 1152 legis
521 1076 689 1152 descriptae,
711 1076 798 1152 idque
818 1080 980 1152 propterea,
1002 1077 1078 1152 quod
1098 1080 1195 1137 Moses

127 1163 236 1237 praeter
267 1157 488 1233 descriptionem
508 1157 582 1231 legis
603 1156 721 1215 Levites
740 1155 858 1231 insuper
878 1156 1001 1214 recitare
1020 1157 1085 1215 illas
1105 1160 1193 1216 male-

127 1239 270 1298 dictiones
287 1238 379 1314 jubet,
401 1241 434 1295 ut
453 1238 590 1313 populum
608 1236 796 1312 jurejurando
818 1235 855 1293 ad
875 1237 955 1310 leges
976 1237 1136 1313 descriptas
1147 1240 1194 1297 ob·

127 1319 304 1378 servandum
326 1317 550 1392 adstringereut.
573 1318 627 1375 Vel
647 1318 722 1375 forte
737 1315 870 1374 ultimmn
882 1317 1194 1391 caputDeuteronomii

128 1400 165 1458 de
196 1403 289 1457 morte
309 1397 399 1456 Mosis
420 1397 584 1472 significare
604 1396 704 1469 voluit,
728 1396 804 1471 quod
825 1400 913 1472 caput
933 1396 1080 1455 duodecim
1101 1398 1193 1455 versi-

128 1481 184 1539 bus
215 1482 339 1537 constat.
372 1477 426 1536 Sed
458 1478 529 1547 haec,
558 1482 588 1536 et
608 1497 671 1552 quae
692 1481 835 1552 praeterea
856 1476 904 1534 alii
924 1476 1114 1547 hariolantur,
1134 1498 1193 1536 non

127 1565 174 1619 est
206 1579 279 1634 opus
309 1557 449 1617 curiosius
479 1557 527 1616 hio
557 1557 733 1615 examinare.
761 1557 852 1615 Notat
878 1555 981 1615 deinde
1000 1557 1067 1627 111,
1088 1558 1144 1616 diei
1164 1558 1193 1617 in

129 1640 249 1698 Denter.
271 1658 334 1714 cap.
356 1639 403 1697 31.
426 1657 501 1696 vers.
524 1639 551 1696 9.
573 1639 672 1695 minu
692 1639 741 1697 ΠΝ
761 1639 836 1696 uro
856 1638 951 1694 nimi
972 1645 997 1695 et
1010 1641 1124 1713 scripsit
1135 1641 1194 1698 Mo-

126 1741 172 1780 ees
203 1721 302 1796 lepem3
325 1738 388 1793 quae
409 1717 524 1794 quidem
545 1721 635 1776 verba
655 1726 714 1776 non
734 1722 856 1794 possunt
876 1737 938 1776 esse
959 1717 1058 1788 Mosis,
1080 1720 1129 1777 sed
1151 1720 1193 1776 al-

126 1800 222 1859 terius
252 1798 410 1875 scriptoris,
441 1797 531 1856 Mosis
562 1798 640 1856 facta
670 1802 700 1857 et
726 1799 834 1874 scripte
854 1797 1010 1857 narrantis.
1031 1798 1121 1857 Notat
1141 1800 1191 1856 IV.

126 1882 224 1939 locum
246 1878 350 1938 Genea.
372 1897 435 1953 cap.
460 1880 506 1937 12.
527 1897 595 1936 vers
616 1879 653 1949 6.,
676 1878 725 1937 ubi
745 1879 899 1948 narrando,
921 1879 996 1953 quod
1010 1878 1195 1937 Abrahamus

128 1965 239 2019 terram
259 1958 511 2017 Kanahanitarnrn
531 1959 683 2029 lustrabat,
706 1959 786 2017 addit
806 1958 977 2030 Historicus,
999 1960 1074 2033 quod
1089 1961 1193 2017 Kana·

127 2043 233 2101 dunila
253 2047 314 2098 tum
335 2041 470 2114 temporie
490 2046 552 2096 erat
572 2041 604 2096 in
624 2041 675 2097 illa
696 2047 790 2110 terro3
813 2039 916 2114 quibus
931 2044 1053 2114 tempus
1066 2059 1121 2114 quo
1133 2041 1194 2098 haec

128 2120 254 2196 scripsit,
286 2121 363 2178 clare
394 2118 524 2178 secludit.
555 2119 693 2194 Adeoque
723 2124 790 2195 post
818 2123 939 2177 mortem
960 2119 1057 2191 Mosis,
1080 2123 1193 2177 etcum

130 2199 326 2260 Kanahanitee
357 2199 416 2276 jam
445 2203 529 2257 erant
556 2199 678 2274 expulsi,
697 2199 819 2275 illasque
839 2199 973 2272 regiones
993 2218 1051 2256 non
1072 2199 1194 2273 amplius

130 2280 326 2358 possidebant,
357 2280 419 2338 haec
450 2279 610 2338 debuerunt
641 2279 743 2350 scribi3
774 2279 849 2354 quod
880 2277 955 2335 idem
985 2279 1070 2335 Aben
1098 2279 1194 2336 Hezra

131 2381 217 2437 super
240 2361 325 2418 ·hunc
351 2360 444 2417 locum
472 2360 690 2417 commentando
718 2359 805 2417 etiem
830 2357 876 2416 his
903 2356 1056 2433 significat,
1083 2359 1194 2424 ’11233ῦὶ

129 2467 219 2572 tuf
239 2483 269 2565 p
288 2481 360 2538 nnn
380 2482 436 2538 aar
457 2482 524 2538 mn
546 2482 599 2536 no
625 2481 722 2539 nean
747 2482 812 2565 pm
838 2481 932 2563 pinu
959 2481 1022 2563 pu
1048 2481 1133 2563 mm
1160 2483 1195 2539 m

129 2591 192 2646 nu*
212 2575 345 2648 5⁸2an
366 2590 418 2645 ἹΊῠ
438 2597 463 2647 et
483 2589 674 2647 Kanahanita
696 2597 757 2648 tum
778 2596 841 2648 erat
862 2591 893 2646 in
907 2590 958 2646 illo
972 2595 1063 2646 terro:
1084 2590 1195 2647 videtur

131 2671 205 2745 quod
225 2671 375 2728 Kaualena
396 2689 485 2745 nepos
504 2665 574 2727 Noae
588 2677 697 2728 terram
712 2671 908 2728 Kanolcanitoe
922 2670 957 2726 ab
972 2670 1194 2743 elioposseceam

132 2753 219 2825 cepit;
240 2751 316 2825 qnod
337 2751 363 2807 ei
381 2769 438 2807 non
459 2769 557 2808 verum
577 2757 624 2818 est,
647 2752 717 2808 inest
737 2751 802 2807 duic
817 2752 859 2807 rei
873 2751 1046 2825 mysterium,
1063 2757 1087 2806 et
1101 2751 1151 2825 qui
1163 2751 1195 2807 id

131 2832 270 2906 intelligit,
293 2837 393 2888 taceat.
415 2830 479 2887 Hoc
499 2833 552 2899 est,
574 2829 598 2888 si
619 2830 762 2888 Kanahan
784 2829 917 2904 regiones
929 2829 995 2886 illas
1005 2828 1121 2895 invasit,
1133 2834 1194 2886 tum

132 2930 233 2968 sensus
254 2909 318 2978 erit,
341 2911 564 2968 Kauchanitonc
578 2913 647 2984 jam
668 2918 728 2968 tum
751 2913 842 2983 facisse
864 2913 895 2967 in
918 2911 968 2967 illo
991 2916 1078 2979 terra,
1100 2910 1194 2966 exclu-

132 2991 225 3050 dendo
253 2989 362 3048 scilicet
390 2995 503 3065 tempus
523 2990 710 3066 praeteritum,
733 3010 790 3067 quo
812 2992 849 3047 ab
870 2989 927 3047 elia
947 2988 1064 3046 natione
1084 2988 1193 3046 inhabi-

132 3072 258 3129 tabatur.
280 3070 322 3128 At
344 3069 368 3128 si
387 3070 532 3128 Kanahen
552 3070 685 3144 regiones
706 3069 770 3127 illas
790 3069 900 3144 primus
921 3068 1009 3127 coluit
1023 3068 1066 3143 (ut
1080 3089 1115 3126 ex
1131 3088 1192 3145 cap.

135 3152 181 3209 10.
213 3149 317 3208 Genes.
349 3150 500 3224 sequitur),
532 3155 594 3208 tum
615 3151 725 3208 Textus
746 3153 860 3224 tompus
880 3168 1018 3225 praesens,
1041 3148 1194 3223 Scriptoris

133 3230 250 3301 scilicet,
282 3229 417 3300 secludit;
451 3231 580 3305 adeoque
610 3250 668 3288 non
689 3229 787 3300 Mesia,
809 3230 891 3303 cujus
912 3228 1045 3286 nimirum
1066 3233 1194 3302 tempore

133 3311 289 3369 etiamdum
309 3310 374 3368 illas
395 3310 529 3384 regiones
550 3311 750 3386 possidebant3
766 3314 795 3367 ct
808 3309 863 3366 hoc
874 3314 918 3366 est
928 3307 1106 3383 mysterium,
1119 3309 1193 3382 quod

133 3391 285 3450 tacendum
307 3392 497 3465 commendat.
520 3391 555 3449 V.
577 3394 669 3460 notat,
691 3390 765 3465 quod
787 3388 891 3447 Gerros,
913 3408 975 3463 cap.
991 3389 1039 3445 22.
1055 3407 1129 3444 vere.
1148 3384 1205 3446 ld.¹

132 3476 251 3530 vocetur
270 3490 353 3529 mons
374 3472 478 3546 Morya
490 3474 506 3507 *
527 3491 609 3529 mons
629 3469 695 3541 Dei;
718 3470 792 3544 quod
816 3468 930 3544 quidem
951 3487 1055 3525 nomen
1073 3487 1131 3525 non
1145 3469 1193 3526 ha·

131 3551 202 3624 buit,
234 3549 290 3610 nisi
320 3555 473 3626 postquam
507 3550 689 3609 aedificationi
719 3548 819 3623 templi
848 3548 960 3606 dicatus
986 3546 1056 3619 fuit;
1079 3552 1109 3606 at
1131 3549 1194 3608 haec

131 3631 237 3690 montis
269 3631 370 3689 electio
401 3632 527 3714 nondum
549 3636 613 3689 erat
633 3636 761 3704 tempore
783 3629 872 3686 Mosis
892 3630 978 3698 facta,
1001 3629 1097 3687 Moses
1118 3629 1193 3687 eninr

163 3828 173 3848 “
190 3829 226 3875 Gl'.
244 3830 336 3874 Annot.
354 3828 395 3874 IX.
