2662 4298
137 338 195 402 406
555 358 693 396 urrsroua
713 358 797 397 cxix.

134 521 238 591 velim3
259 521 318 580 scio
340 522 424 591 enim,
446 528 476 580 te
497 523 558 581 solo
578 523 712 581 veritatis
733 523 832 582 studio
857 527 976 598 teneri,
1005 534 1039 586 et
1061 530 1210 606 singularem

134 602 177 658 tui
198 601 286 659 animi
307 603 461 660 candorem
482 603 560 673 novi,
582 623 635 678 per
656 622 741 679 quem
763 608 794 661 te
814 623 877 679 ego
893 607 1015 666 iterum
1032 612 1211 686 atqueiteruu

133 702 192 751 oro,
227 687 259 739 ut
289 683 343 740 hoc
373 683 481 742 laboris
510 684 546 741 ad
568 688 597 741 tc
618 683 763 758 suscipere
784 704 847 742 non
872 689 1034 761 graveris,
1058 697 1089 749 et
1109 712 1152 750 me
1168 711 1212 750 esse

133 763 235 819 credas

743 847 787 902 tui
808 846 1118 910 observantissimum

877 928 917 985 Β.
941 948 986 987 nn
1011 930 1154 991 Senecae.

505 1263 719 1320 Er>1sroua
739 1263 831 1320 LXX.

332 1393 573 1452 Praestantissimo
594 1397 811 1470 doctissimoque
835 1397 1026 1475 Philosopho

604 1528 636 1584 Β.
659 1546 687 1584 n.
709 1527 738 1585 S.

413 1659 447 1717 G.
470 1660 507 1718 H.
530 1659 741 1730 SCHULLER,
762 1661 840 1719 Med.
863 1663 919 1723 Dr.

160 1792 390 1899 Extautograpbo,
412 1793 481 1850 quod
498 1792 684 1838 ,amstelodami
702 1793 774 1852 apud·
786 1793 1073 1856 Teleiobeptistarum
1091 1806 1213 1850 ecclesiam

132 1868 207 1900 serva
220 1868 257 1898 ur.

128 1973 297 2030 Doctisotme
317 1991 351 2029 oc
365 1974 605 2030 Praestantissime
617 1973 748 2039 Domine,
764 1973 877 2031 Fuutor
889 1993 1091 2057 summopere
1104 1985 1212 2053 colende,

168 2122 291 2182 Ultimas
321 2142 400 2180 meas
430 2143 489 2180 una
519 2143 583 2181 cum
615 2124 756 2182 Processu
777 2125 932 2200 -Anouymi
956 2129 1029 2188 Tibi
1053 2133 1115 2192 rite
1134 2133 1213 2192 fuisse

128 2203 251 2262 traditas
271 2223 364 2279 spero,
386 2202 528 2278 simulque
550 2204 589 2260 Te
611 2204 705 2262 adhuc
726 2206 799 2262 bene
820 2205 929 2276 valere,
955 2217 1055 2283 prout
1069 2214 1136 2288 Ego
1147 2217 1208 2271 bene

128 2286 219 2342 valeo.
242 2284 385 2342 Oaeternm
407 2283 485 2341 intra
506 2284 651 2342 trimestre
673 2284 798 2358 spatium
820 2285 963 2345 aNostro
981 2291 1209 2352 Tschirnbausio

126 2364 198 2422 nihil
235 2364 385 2422 literarum
416 2363 513 2429 habui,
546 2365 622 2421 unde
653 2365 752 2422 tristes
784 2366 971 2439 conjecturas
1005 2371 1206 2440 formaveram,

126 2445 219 2520 ipsum
252 2465 288 2502 ex
320 2443 429 2519 Anglia
457 2444 487 2501 in
519 2443 628 2502 Galbae
649 2446 815 2503 tendentem
836 2446 892 2503 iter
913 2447 1076 2510 funestum
1099 2455 1208 2516 fecisse:

124 2526 185 2599 jam
216 2545 285 2582 vero
316 2525 351 2582 iis
380 2525 514 2600 acceptia,
548 2525 653 2599 gaudio
684 2526 796 2601 plenae,
818 2546 867 2584 eas
886 2526 976 2601 juxta
999 2532 1071 2605 ejus
1093 2535 1207 2609 petitum

127 2625 191 2662 cnm
223 2605 345 2662 Domino
377 2625 542 2662 communes
573 2606 668 2662 facere
700 2606 795 2674 debui,
829 2611 917 2680 atque
948 2608 1130 2683 significare
1150 2634 1206 2672 cum

126 2684 333 2742 officiosissima
354 2685 456 2755 salute,
478 2686 551 2743 Eum
572 2686 683 2743 salvum
706 2686 832 2743 Parisios
853 2686 1019 2760 advenisse,
1034 2693 1102 2749 D¹¹¹¹¹
1116 2696 1206 2769 Hugc·

126 2764 205 2821 nium
226 2765 338 2831 ibidem,
362 2771 448 2839 prout
469 2785 742 2840 praemonueranrus
764 2765 925 2838 offendisse,
938 2788 1063 2844 quaque
1076 2776 1207 2833 decanea

127 2864 158 2901 se
189 2845 279 2919 ipsius
309 2845 426 2919 ingenio
449 2845 610 2903 omnimode
631 2848 908 2914 accommodaverat,
931 2847 1006 2906 adeo
1029 2858 1067 2910 ut
1090 2855 1207 2929 abipso

130 2925 228 2999 magni
262 2925 436 2996 aestimetur;
469 2926 642 2984 mentionem
674 2927 789 2984 fecerat.
818 2926 1056 2988 Dominationern
1082 2941 1205 2993 vestram

128 3005 154 3062 ei
168 3006 416 3063 conversationem
427 3006 517 3080 ipsius
528 3006 677 3080 (Hugenii)
689 3008 911 3077 commendasse,
920 3008 1042 3084 ejusque
1051 3032 1205 3087 personam

129 3084 246 3158 plurimi
268 3088 372 3153 facere,
394 3087 470 3160 quod
492 3087 517 3143 ei
538 3088 623 3144 vaide
645 3087 791 3152 arriserat,
814 3089 885 3144 adeo
907 3093 940 3145 ut
961 3094 1000 3159 et,
1024 3111 1059 3148 se
1075 3094 1208 3153 similiter

128 3170 257 3222 vestram
290 3186 442 3242 personam
474 3167 573 3240 magni
603 3168 707 3237 facero,
740 3167 929 3242 responderit,
956 3169 1082 3245 jamque
1116 3195 1207 3249 nuper

127 3247 176 3303 Tr.
210 3246 308 3304 Theoi.
342 3247 402 3304 Pol.
435 3249 471 3304 ab
504 3247 553 3304 illa
584 3247 749 3317 obtinuerit,
783 3247 832 3323 qui
863 3267 880 3305 a
910 3251 1067 3323 permultis
1100 3254 1204 3313 ibidem

126 3325 298 3396 aestimatur,
341 3327 499 3402 seduloque
540 3327 704 3401 inquiritur,
749 3328 887 3403 numquid
928 3329 1015 3403 plura
1073 3335 1205 3408 ejusdem

127 3406 267 3465 Authoris
289 3408 396 3483 scripta
417 3408 509 3464 lucem
530 3407 656 3477 videant,
680 3409 715 3464 ud
738 3409 812 3481 quod
835 3409 884 3464 D'¹⁸
905 3408 1060 3483 Tschirnb.
1085 3434 1204 3490 respon·

126 3489 218 3554 derat,
253 3486 306 3545 sibi
336 3489 415 3546 nulla
448 3493 555 3562 praeter
576 3488 739 3546 Demonstr.
762 3488 792 3545 in
815 3489 841 3545 1.
864 3493 893 3545 et
916 3490 942 3547 2.
965 3496 1081 3563 partem
1106 3495 1203 3553 Princ.

125 3568 248 3626 Cartesii
285 3587 347 3625 esse
386 3573 470 3639 nota;
509 3573 644 3626 caeterum
678 3569 713 3625 de
744 3568 865 3626 Domino
897 3568 968 3626 nihil
999 3577 1113 3644 praeter
1142 3576 1203 3649 jam

125 3647 202 3705 dicta
234 3648 344 3717 retulit,
375 3650 450 3705 unde
482 3654 588 3723 sperat,
623 3648 651 3705 id
683 3649 709 3705 ei
741 3668 853 3724 quoque
875 3669 933 3706 non
954 3649 1106 3724 ingratum
1129 3656 1201 3713 fore.

126 3727 224 3803 Nuper
255 3727 407 3801 Hugenius
438 3735 568 3787 nostrum
590 3729 847 3786 Tschirnhausium
873 3731 910 3787 ad
932 3749 962 3786 se
984 3732 1097 3790 accersi
1120 3755 1202 3793 cura·

125 3812 217 3878 verat,
250 3808 332 3883 cique
352 3807 540 3880 indicaverat,
564 3809 716 3867 Dominum
738 3810 854 3867 Oolbert
875 3809 1039 3867 desiderare
1061 3813 1200 3889 aliquam,
