2662 4298
559 371 697 411 urrsrouu
717 372 784 411 xcv.
1035 407 1042 419 ‚
1132 355 1189 413 355

124 542 266 600 vitrorum
298 540 380 598 salva
419 538 556 598 distincta
583 539 701 611 visione,
728 541 839 617 possint
865 542 928 600 fieri
949 547 1190 618 quantaecunque.

126 622 181 680 Sed
202 622 265 679 haec
286 619 451 678 acutissimo
470 619 577 694 judicio
598 621 659 678 Tuo
680 623 807 680 stabunt.
829 622 902 681 Vale
922 622 1053 698 favoque,

252 754 304 810 Vir
326 755 518 828 Ampliaslma

555 886 665 945 Oultori
684 888 779 946 sedulo

609 1019 784 1079 Gourrnuuo
805 1021 969 1104 Gurnrunuo
991 1023 1153 1092 Lamum,

639 1101 667 1159 J.
692 1101 727 1159 U.
748 1102 783 1160 D.
806 1106 835 1160 et
855 1101 960 1161 Consil.
981 1103 1113 1176 Mogunt.

191 1233 352 1280 Francol'urti
370 1234 391 1279 5.
410 1232 514 1279 Octobr.
531 1233 589 1291 etyl.

312 1309 369 1341 nov.
389 1295 456 1342 1611.

172 1412 225 1470 PS.
269 1411 298 1469 Si
326 1391 383 1486 qua
410 1430 455 1468 me
482 1410 668 1486 responsione
695 1410 861 1486 dignabere,
890 1412 1002 1471 curabit
1029 1432 1091 1471 eam
1112 1431 1197 1488 spero

133 1512 192 1550 non
222 1491 376 1549 illubenter
407 1491 549 1549 Nobilmus
580 1490 846 1550 Diemerbroeckius
876 1491 971 1551 thue.
1003 1493 1078 1551 Puto
1104 1492 1197 1550 visam

132 1571 195 1630 Tibi
224 1571 409 1646 Hypothesin
436 1591 527 1630 meam
556 1571 711 1646 Physicam
742 1592 862 1644 novam;
884 1572 930 1630 sin
950 1572 1052 1644 minue,
1075 1572 1197 1631 mittam.

193 1705 316 1763 Epistolae
332 1704 477 1763 Inscriptio.
529 1717 532 1721 ’

382 1821 405 1864 Α
422 1821 549 1865 Menatem·

257 1883 385 1927 Menatem·
402 1882 543 1928 SPINOSA

195 1997 303 2043 Medeam
330 2002 382 2042 trec
408 1997 497 2042 celebre
524 2002 546 2042 et

128 2060 273 2118 philosophe
290 2065 340 2104 tres
352 2060 464 2118 profond
539 2121 555 2166 ὰ

165 2199 214 2241 pm·
230 2190 332 2230 eoueert.
585 2185 751 2230 Amaterdom.

412 2497 632 2555 Errsrouu
652 2495 747 2553 XLVI
768 2497 846 2571 (ocur
861 2496 918 2569 uu.)

389 2631 595 2688 Ereaditisaimo
617 2630 853 2706 Nobilisaimoque
879 2630 947 2687 Viro

366 2761 428 2821 Go
449 2763 684 2821 TTFREDO
706 2761 981 2820 LEIBNITIO
1036 2778 1037 2781 ’

403 2897 431 2953 J.
456 2896 491 2954 U.
513 2896 550 2953 D.
572 2899 602 2953 et
626 2895 795 2954 Consiliorio
816 2896 944 2971 Mopunt.

605 3029 640 3086 B.
662 3048 690 3087 u.
712 3028 740 3086 S.

454 3165 609 3251 Responsio
630 3165 669 3221 od
684 3164 890 3237 praecedentem

171 3301 252 3346 Juxta
277 3297 434 3356 Exemplum
459 3296 491 3341 ad
514 3295 669 3342 Leibnitium
694 3294 809 3351 missum,
825 3295 893 3353 qnod
909 3294 985 3340 hodie
1001 3294 1140 3339 Hanoverae
1157 3295 1205 3349 est,

140 3363 250 3421 primum
270 3375 284 3406 a
301 3360 407 3416 Murrio,
425 3359 517 3404 deinde
534 3358 693 3404 emendatius
711 3371 725 3403 a
741 3357 884 3404 Gerhardto
901 3357 1006 3403 editum.

263 3476 466 3534 Eruditiesime
487 3474 720 3548 Nobiliaoimeque
745 3473 807 3543 Vir,
828 3472 859 3543 a)

183 3599 371 3670 Schedulam,
393 3617 478 3673 quam
499 3596 569 3655 mihi
590 3595 727 3671 dignatus
746 3616 777 3654 ea
797 3594 920 3667 mittere,
941 3594 1008 3670 legi,
1029 3614 1213 3671 magnasque¹

141 3700 194 3756 pro
223 3679 350 3755 ejusdem
371 3676 628 3737 communicatione
642 3678 734 3735 habeo
748 3676 868 3751 gratias.
881 3675 980 3749 Doleo,
995 3677 1070 3752 quod
1080 3679 1206 3734 mentem

172 3833 197 3888 a)
218 3831 330 3879 Murrius
346 3831 373 3876 in
390 3830 478 3876 tabula
495 3793 715 3887 chalcographica.
732 3827 824 3874 Omisit
842 3827 918 3874 Gerh.
