2662 4298
127 337 184 394 378
557 354 693 393 arrsrom
724 355 784 394 111.

125 524 247 592 defectu,
269 521 565 580 verisimilitudinibus
586 521 689 579 debere
710 541 773 579 esse
795 528 977 596 contentae,
1001 526 1192 598 (1166116161-

126 603 293 662 strationem
315 601 504 659 verosimilem
525 601 612 659 talem
633 621 696 660 esse
716 603 834 672 debere,
857 609 907 674 ut,
932 605 1008 665 licet
1030 609 1067 666 (16
1087 609 1192 667 661111-

124 689 188 741 tare
222 682 372 758 possimus,
404 682 600 739 contradicere
630 687 727 740 tamen
759 703 976 758 nequeamus;
1011 688 1082 762 quia
1111 688 1144 759 id,
1160 689 1192 747 cri

124 768 220 838 potest
251 762 419 831 contradici,
451 782 509 819 non
540 781 620 832 vero,
648 763 698 820 sed
718 762 792 820 falso
815 764 920 823 simile
944 772 1004 826 est.
1029 769 1072 840 Si,
1094 769 1192 845 exempli

125 843 229 918 gratia,
261 842 333 911 dico,
362 843 481 901 Petrum
501 841 531 899 in
553 841 629 899 vivis
650 862 720 912 esse,
743 842 813 917 quia
834 863 907 902 eum
933 847 1004 905 heri
1027 868 1129 908 sanum
1146 870 1192 908 con·

124 922 215 998 aspexi,
251 942 321 980 vero
342 922 456 998 quidem
477 922 506 980 id
527 921 618 979 simile
639 927 692 992 est,
713 928 860 998 quatenus
884 926 966 984 mihi
989 949 1079 987 nemo
1100 935 1192 988 contra

124 1004 218 1061 dicere
249 1008 363 1077 potest;
395 1002 420 1060 si
451 1007 546 1059 autem
578 1002 652 1060 alius
672 1002 750 1072 dicit,
773 1023 806 1060 se
828 1005 897 1062 heri
923 1007 1042 1067 vidisse
1064 1009 1191 1068 6111111611-

124 1083 222 1159 quium
252 1083 341 1140 animi
372 1103 487 1157 passum
509 1083 605 1149 fuisse,
628 1101 715 1157 seque
735 1083 866 1152 credere,
894 1087 1030 1147 Petrum
1052 1090 1120 1148 inde
1138 1090 1191 1148 dieu

125 1163 228 1221 obiisse
259 1183 432 1238 supremum,
464 1162 519 1231 hic,
551 1168 584 1219 ut
613 1182 678 1220 mea
705 1165 794 1221 verba
824 1164 906 1224 falsa
929 1169 1099 1228 videantur
1118 1171 1191 1228 efficii.

125 1245 216 1301 Tuam
238 1244 433 1317 conjecturam
454 1243 489 1299 (16
511 1242 637 1318 Spectris
658 1248 688 1300 61
708 1243 882 1302 Lemuribus
907 1247 1023 1307 falsam
1047 1255 1080 1308 61
1093 1251 1192 1309 neveri-

124 1324 244 1381 similem
276 1323 391 1398 quidem
423 1322 523 1389 videri,
554 1327 614 1380 tam
635 1324 711 1380 clare
732 1325 856 1396 ostendi,
879 1331 919 1384 ut
942 1328 978 1386 in
1000 1350 1141 1406 responso
1158 1340 1192 1388 tuo

125 1404 196 1462 nihil
218 1402 467 1461 animadversione
488 1403 607 1477 dignum
627 1403 781 1461 inveniam.

167 1485 212 1542 Ad
234 1483 422 1559 quaestionem
443 1488 532 1553 tuam,
554 1503 593 1541 an
613 1484 648 1540 de
669 1485 729 1540 Deo
750 1487 809 1541 tarn
833 1485 953 1545 claram
970 1510 1067 1564 quam
1082 1491 1194 1550 detrian·

126 1565 193 1638 gulo
229 1565 350 1622 habeam
381 1564 483 1632 ideam,
514 1564 672 1638 respondeo
693 1564 876 1623 affirmando.
901 1566 936 1625 Si
960 1589 1008 1627 me
1033 1573 1191 1630 1161611116(-

125 1664 218 1717 rogae,
251 1649 346 1702 utrum
378 1648 439 1701 tam
470 1643 577 1700 claram
600 1644 634 1701 de
656 1645 716 1702 Deo
737 1663 823 1718 quam
845 1645 882 1703 de
905 1647 1072 1725 triangulo
1094 1653 1193 1711 habeon

124 1723 288 1797 imaginem,
320 1724 498 1798 respondebo
529 1725 681 1798 negando:
713 1725 806 1781 Deum
837 1725 919 1784 enim
952 1749 1018 1788 non
1048 1732 1193 1807 imaginari,

126 1805 175 1861 sed
208 1803 322 1878 quidem
352 1803 514 1878 intelligere
545 1823 705 1878 possumne.
737 1804 793 1861 Hic
824 1823 946 1880 quoque
969 1813 1138 1870 notandum
1155 1818 1193 1880 est,

127 1884 203 1959 quod
224 1903 283 1941 non
304 1883 375 1953 dico,
398 1904 443 1941 me
466 1885 557 1941 Deum
578 1884 693 1942 omnino
714 1904 899 1959 cognoscere,
924 1891 991 1959 sed,
1016 1912 1068 1950 me
1083 1893 1194 1968 quadan

128 1965 190 2039 ejus
221 1963 371 2033 attributa,
404 1984 461 2021 non
489 1969 584 2021 autem
613 1964 717 2034 omnia,
739 1984 834 2040 neque
854 1967 1026 2028 maximam
1050 1972 1196 2048 intelligere

129 2050 259 2120 partem;
292 2049 321 2102 et
352 2049 461 2102 certum
490 2050 543 2114 est,
572 2044 759 2119 plurimorum
786 2045 1004 2120 ignorantiam,
1029 2055 1196 2128 quorundam

129 2146 227 2183 eorum
253 2126 359 2182 habere
380 2124 520 2193 notitiam,
542 2144 600 2181 nou
620 2124 766 2200 impedire.
789 2125 885 2194 Quum
906 2128 1049 2190 Euclidis
1072 2134 1197 2192 elementa

129 2206 312 2275 addiscerem,
345 2205 436 2280 primo
461 2210 521 2262 tres
542 2204 680 2278 trianguli
702 2206 824 2278 angulos
845 2206 964 2266 duobus
989 2213 1086 2272 rectis
1107 2212 1197 2290 aequari

128 2287 332 2360 intelligebam,
356 2287 486 2359 hancque
506 2285 646 2359 trianguli
666 2286 872 2360 proprietatem
895 2288 979 2348 clare
1002 2295 1197 2369 percipiebam,

127 2368 195 2424 licet
216 2369 370 2424 multarum
392 2367 511 2424 aliarum
532 2365 652 2438 ignarus
673 2385 773 2422 essem.

169 2448 249 2516 Quod
272 2448 307 2504 ad
330 2448 449 2521 Spectra
470 2447 517 2503 vel
538 2446 683 2513 Lemures
707 2447 846 2503 hactenus
860 2448 976 2507 nullam
993 2452 1199 2529 intelligibilem

128 2528 162 2583 de
193 2528 228 2584 iis
260 2528 377 2584 auribus
408 2527 489 2584 hausi
518 2526 733 2601 proprietatem,
756 2527 805 2583 sed
827 2526 943 2600 quidem
969 2532 1007 2588 de
1031 2534 1200 2603 Phantasiis

128 2627 200 2680 quas
234 2626 317 2663 nemo
349 2626 452 2679 capere
483 2610 586 2680 potest.
621 2606 714 2675 Quum
746 2606 824 2674 (11616,
848 2607 974 2680 Spectra
998 2614 1050 2670 vel
1075 2616 1201 2673 Lemures

127 2686 174 2742 hic
206 2686 325 2742 inferius
348 2686 466 2758 (stylum
488 2690 568 2743 tuum
591 2707 702 2760 sequor,
724 2687 792 2744 licet
811 2687 955 2760 ignorem,
982 2696 1145 2754 materiam
1165 2695 1202 2752 hic

127 2765 246 2821 inferius
268 2785 352 2838 quam
374 2764 506 2838 superius
527 2767 645 2824 minoris
667 2787 729 2824 esse
750 2767 847 2843 pretii)
868 2786 906 2823 ex
918 2772 1115 2846 tenuissima,
1127 2776 1201 2834 raris-

127 2845 208 2914 sima,
241 2844 427 2902 subtilissima
458 2852 590 2903 constare
622 2849 794 2915 substantia,
826 2847 935 2904 videris
969 2851 1009 2908 de
1032 2874 1202 2914 aranearum

128 2926 201 2997 telis,
224 2935 298 2993 6616,
320 2925 367 2981 vel
388 2925 543 2999 vaporibus
563 2927 650 3000 loqui.
672 2928 774 2985 Dicere
796 2947 844 2984 eos
865 2946 929 2985 6666
950 2929 1136 3008 invisibiles,
1151 2944 1202 2994 tan·

127 3011 189 3064 turn
220 3005 289 3063 mihi
321 3006 407 3074 valet,
440 3026 473 3062 ac
505 3007 529 3063 si
560 3007 677 3073 diceres,
701 3008 768 3082 quid
790 3028 847 3065 non
868 3007 935 3076 sint,
959 3030 1024 3070 non
1049 3015 1203 3091 veroquid

128 3087 205 3156 sint;
228 3085 281 3143 nisi
303 3086 378 3142 forte
400 3086 471 3143 velis
492 3087 627 3155 indicare,
651 3089 734 3161 quod,
757 3108 808 3162 pro
831 3087 933 3158 lubitu,
956 3109 990 3147 66
1004 3093 1072 3167 jam
1085 3097 1205 3155 visibiles

126 3167 185 3242 jam
214 3165 372 3224 invisibiles
394 3167 526 3233 reddunt,
550 3168 681 3242 quodque
703 3168 872 3243 imaginatio
893 3167 924 3224 in
945 3170 1003 3241 1116,
1028 3175 1112 3234 616111
1134 3183 1162 3235 61
1179 3177 1204 3233 in

129 3247 191 3304 aliis
212 3246 444 3322 impossibilibus,
466 3247 595 3304 inveniet
617 3248 824 3307 difficultatem.

168 3327 232 3385 Non
265 3329 385 3385 multum
417 3328 493 3401 apud
525 3347 569 3385 me
600 3328 772 3386 Authoritas
801 3328 940 3397 Platonis,
965 3331 1155 3406 Aristotelia,
1175 3356 1204 3394 ac

129 3408 256 3465 Socratis
287 3409 372 3465 valet.
396 3408 519 3464 Miratus
539 3408 656 3465 fuissem
678 3409 701 3465 si
722 3409 887 3484 Epicurum,
910 3410 1130 3487 Democritum,
1153 3419 1204 3474 Lu·

129 3488 258 3556 cratium,
291 3489 336 3546 vel
370 3488 492 3562 aliquem
528 3508 564 3545 ex
585 3489 737 3546 altomistis
758 3495 977 3564 atomorumque
1001 3493 1205 3556 defensoribus

129 3568 315 3643 protulisses:
342 3568 497 3626 nonenim
518 3568 678 3626 mirandum
702 3575 745 3626 661
766 3590 823 3633 666,
848 3569 895 3643 qui
918 3570 1090 3638 eralitates
1114 3579 1205 3636 occul·

129 3654 183 3718 tas,
217 3649 331 3723 Species
358 3649 571 3717 intentionaleS,
593 3649 713 3706 Formas
734 3649 948 3719 substantiales,
972 3671 1007 3709 66
1030 3655 1116 3715 mille
1138 3659 1205 3716 alias

129 3749 223 3804 nugas
244 3730 397 3786 commenti
418 3734 494 3794 sunt,
518 3729 637 3802 Spectra
659 3734 687 3785 et
709 3731 846 3787 Lemures
867 3731 1063 3806 excogitasse,
1082 3744 1115 3795 et
1128 3743 1203 3796 vetu·

129 3811 164 3868 lis
185 3809 347 3879 credidisse,
371 3815 402 3867 ut
422 3809 578 3866 Democriti
600 3809 805 3867 authoritatem
828 3812 996 3881 elevarent;
1020 3816 1110 3890 cujus
1123 3821 1204 3877 bonae
