2662 4298
125 315 184 373 372
551 333 689 372 urrsroua
715 333 776 371 uv.

124 501 227 559 saltem
247 520 335 558 unam
356 500 515 557 alteramve
532 500 685 575 proferres,
696 500 733 557 de
743 520 806 576 qua
816 502 949 562 minime
961 506 1097 565 dubitare
1105 508 1143 565 liu

124 600 247 656 quaeque
276 580 442 648 clarissime,
474 580 595 655 Spectra
626 581 673 638 rel
704 581 850 639 lemures
875 584 1023 657 existere,
1046 590 1143 646 ostend

125 661 207 730 Quod
239 666 415 718 memoratus
444 660 560 723 Consul.
592 660 668 731 inde,
699 662 775 736 quod
808 662 843 720 in
876 666 992 724 matris
1021 688 1083 727 suae
1103 670 1143 726 offi

124 741 308 799 cerevisiaria
328 740 449 815 Spectra
468 740 511 798 ita
531 740 567 798 de
581 747 666 798 nocte
679 741 814 799 laborare
825 744 963 815 audivit,
976 751 1143 822 quemadmo

87 859 93 869 ·
124 821 159 878 de
180 821 225 878 die
246 821 346 878 audire
366 828 501 879 assuetus
521 826 593 889 erat,
614 821 678 878 vult
698 822 888 885 concludere.
911 845 954 883 ea
977 828 1106 887 existere
1117 834 1138 889 *.

124 901 242 975 dignum
274 901 343 958 mihi
373 900 780 969 videtur31militeretiam
799 903 897 962 nimis
919 906 1052 982 longum
1074 911 1143 968 vider

123 980 170 1038 hic
204 980 259 1039 loci
289 1001 398 1048 omneS,
420 1001 483 1056 quae
504 981 540 1038 de
561 981 606 1038 hie
625 981 742 1056 ineptiis
762 984 952 1059 conscriptae
977 996 1063 1051 sunt.
1085 991 1143 1048 hist«

123 1061 297 1119 examinare.
320 1061 362 1118 Ut
381 1081 453 1135 ergo
474 1061 571 1118 brevis
590 1061 653 1130 sim,
675 1081 721 1119 me
740 1063 779 1119 ad
799 1062 920 1123 Julinm
946 1067 1102 1128 Oaesarem
1115 1092 1142 1129 re

125 1141 184 1217 qui,
206 1147 280 1199 teste
301 1141 447 1212 Suetonio,
469 1142 533 1199 haec
553 1141 675 1201 ridebat.
696 1147 849 1200 ettamen
871 1145 952 1205 felix
976 1156 1056 1211 erat.
1076 1153 1143 1227 juxt:

125 1222 200 1296 quod
222 1221 376 1279 Suetonius
396 1222 432 1278 de
452 1222 507 1279 hoc
528 1221 661 1296 Principe
680 1221 711 1278 in
732 1222 796 1280 vita
815 1225 887 1298 ejus
908 1229 1018 1303 capite
1041 1234 1090 1290 59.
1104 1253 1143 1290 nai

126 1308 156 1359 et
186 1303 222 1359 ad
254 1321 317 1359 eum
349 1302 464 1358 modum
494 1321 603 1372 omnm,
633 1301 683 1376 qui
712 1303 885 1362 mortalium
914 1307 1143 1384 imaginationum

126 1383 324 1457 pathematum
354 1382 474 1439 effectus
504 1382 695 1456 perpendunt,
716 1383 789 1440 talia
808 1384 913 1444 ridere
935 1389 1066 1462 debent,
1088 1394 1143 1469 quic

126 1462 213 1520 etiam
234 1463 396 1520 Lavatcrus
415 1461 529 1537 aliique,
551 1462 599 1537 qui
620 1481 685 1519 cum
705 1482 740 1520 eo
756 1464 814 1521 hoc
831 1464 865 1523 in
880 1471 1016 1543 negotio
1031 1474 1143 1531 somnia

125 1542 156 1599 in
176 1542 351 1600 contrarium
372 1542 543 1616 producant.

581 1725 738 1733 ———

415 1863 631 1921 anscote
663 1863 716 1920 LV
737 1876 817 1939 (lom
833 1868 907 1926 mxl.

476 1998 651 2057 Acidiooimo
671 1998 841 2072 Philoeopdo

594 2131 628 2188 Β.
650 2150 677 2187 n.
700 2129 728 2187 S.

486 2271 621 2328 HUGO
654 2271 831 2331 BOXEL.

430 2408 584 2481 Responsio
605 2409 644 2463 ud
665 2407 880 2480 praecedentem.

578 2557 680 2615 l'ersio
696 2556 737 2613 **.

247 2710 417 2764 Acoetiaoime
443 2708 504 2778 Vir,

165 2841 210 2897 Ad
232 2845 298 2897 tuas
319 2840 452 2914 opinione
473 2841 564 2899 serius
585 2844 753 2917 respondeo,
775 2862 808 2900 eo
830 2844 906 2917 quod
929 2849 1072 2923 exiguus
1095 2876 1141 2913 mo

124 2941 170 2978 me
202 2920 359 2978 studiorum
385 2926 415 2978 et
435 2922 652 2980 meditationum
674 2925 882 2981 oblectamento
905 2927 1042 2999 orbavit,
1071 2942 1102 2992 et
1124 2957 1140 2993 a

124 3001 248 3059 scribere
285 3001 443 3076 impedivit.
476 3003 567 3072 Nune,
599 3004 660 3060 Deo
693 3004 816 3078 gratiam
848 3005 953 3073 habeo,
990 3010 1022 3068 in
1060 3015 1143 3088 integ

124 3081 276 3140 restitutus
307 3102 378 3141 sum.
402 3083 436 3139 ln
457 3084 656 3158 respondendo
678 3090 735 3143 tuae
755 3084 883 3159 epist-olae
906 3089 1043 3163 vestigia
1068 3115 1143 3169 pren

125 3168 211 3237 atque
242 3168 307 3220 tuas
338 3163 367 3220 in
398 3183 455 3233 eoa,
484 3164 532 3238 qui
554 3165 588 3221 de
610 3164 737 3238 Speetris
757 3165 943 3240 scripserunt,
969 3173 1143 3234 exclamatio

124 3243 292 3301 transiliam.

165 3324 235 3381 Dico
256 3324 345 3398 igitur
366 3344 410 3382 me
425 3324 599 3395 existimare,
615 3326 695 3382 nulla
706 3326 845 3384 foeminini
856 3326 973 3399 generis
991 3350 1061 3390 esse
1076 3336 1143 3410 Spe

125 3404 192 3479 quia
223 3424 320 3462 eorum
352 3405 567 3479 generationem
598 3405 718 3464 inficior.
748 3407 829 3476 Quod
860 3406 927 3463 talis
957 3408 1025 3468 sint
1048 3415 1143 3490 figure

158 3609 169 3634 *
195 3609 224 3654 ln
246 3611 293 3655 Eu,
316 3611 356 3655 Pr.
374 3611 508 3656 verborum
527 3611 589 3655 ordo
607 3612 643 3655 sic
660 3611 777 3656 turbatus
795 3615 845 3656 est:
865 3611 927 3665 iude,
944 3615 1143 3669 qrcod...,10b4

127 3673 230 3727 audivit,
252 3673 303 3716 urolt
320 3673 468 3730 concludere,
485 3688 513 3717 eu
530 3674 639 3729 exlatere,
656 3675 854 3732 quemadmodum
872 3674 900 3717 de
917 3674 955 3717 die
972 3679 1069 3723 erudire
1088 3699 1143 3729 aser

126 3741 188 3824 mli
201 3798 238 3844 Ex
254 3797 302 3843 hac
323 3799 393 3844 facta
409 3804 449 3845 eat
464 3799 511 3844 Ed.
529 3798 597 3855 Belg.
