2662 4298
379 338 704 378 rescissem-remmon
726 338 790 380 car.
812 339 840 378 v.
1109 322 1145 380 21

82 522 198 578 renum,
231 510 284 564 eut
313 505 468 562 Poetarum
499 503 613 562 tabulas
632 503 775 575 scenicae,
796 509 848 563 aut
867 505 970 564 saltem
990 506 1151 565 communia

82 585 231 646 Chronica
260 603 296 642 ea
326 584 496 653 attentione,
529 604 587 659 qua
607 584 714 659 vulgus
733 585 815 656 solet,
836 585 968 660 legisset3
989 590 1019 644 et
1039 592 1150 658 contra,

83 665 129 725 uti
149 664 286 735 diximus,
306 665 341 731 is,
363 664 413 739 qni
433 683 483 722 ees
502 665 588 739 plene
608 663 733 739 ignoret,
755 669 785 723 et
804 665 989 724 nihilominus
1009 666 1151 726 salutares

83 747 174 805 hebet
215 743 374 820 opiniones,
415 763 573 821 veramque
613 745 730 802 vivendi
770 745 921 817 rationem,
958 745 984 804 is
1020 747 1151 806 absolute

82 829 188 885 beatus
220 830 274 895 est,
305 829 335 882 et
365 842 469 883 revere
488 823 596 883 Christi
616 824 755 901 Spiritum
774 824 804 883 in
824 845 856 884 se
871 826 973 885 habet.
994 827 1036 884 At
1055 826 1149 886 Judaei

79 911 187 966 contra
216 905 303 980 plane
328 904 473 975 sentiunt;
495 909 629 963 statuunt
648 904 734 976 enim,
754 925 841 964 veras
860 905 1017 981 opiniones,
1040 926 1149 966 verum·

81 1006 140 1063 que
166 985 286 1044 vivendi
305 984 448 1043 rationem
468 984 540 1043 nihil
560 985 696 1060 prodesse
717 986 753 1043 ad
775 985 990 1056 beatitudinem,
1012 987 1148 1062 quamdiu

79 1065 214 1125 homines
248 1085 298 1123 eas
332 1084 369 1123 ex
403 1066 464 1123 solo
494 1065 602 1123 lumine
632 1065 759 1124 naturali
789 1067 1002 1141 amplectuntur
1032 1072 1061 1125 et
1092 1088 1150 1126 non

79 1150 115 1205 ut
138 1147 313 1204 documenta
333 1145 407 1204 Mosi
427 1144 595 1221 prophetice
625 1145 766 1204 revelata:
788 1148 843 1204 hoc
863 1146 938 1204 enim
959 1146 1149 1206 Maimonidee

79 1246 145 1301 cup.
178 1228 206 1285 8.
239 1227 351 1300 Regum
373 1227 388 1258 *
409 1225 474 1299 lege
506 1226 552 1282 11.
584 1231 684 1300 aperte
704 1225 750 1283 his
770 1226 867 1285 verbis
887 1227 975 1284 audet
994 1226 1147 1299 affirmare,

76 1334 178 1431 chun
203 1365 296 1422 uuis
319 1364 428 1420 nsua
452 1366 537 1422 uro
560 1333 676 1447 turre&
699 1367 776 1422 uun
799 1366 878 1423 mre
900 1334 1148 1447 mrbus-152

77 1475 164 1532 mro
182 1473 249 1530 ’nu
264 1473 334 1555 piu
349 1472 529 1559 sumptus
545 1440 644 1555 ‘rapu
661 1476 731 1531 mm
748 1479 754 1522 =
770 1476 838 1532 uzu
853 1443 946 1538 nbub
960 1443 1024 1556 p‘ur
1047 1442 1077 1528 b
1098 1473 1148 1531 ru

79 1581 155 1641 'nu
182 1563 1147 1664 unimembuuuuurnummupucnpupn

76 1691 115 1747 u
137 1692 172 1748 rr
196 1691 241 1773 ru
267 1690 470 1780 nuruum
494 1689 559 1746 *ise
580 1690 667 1772 rura
686 1690 732 1746 nu
752 1659 816 1747 bru
836 1691 889 1771 pu
904 1690 984 1746 rum
998 1690 1095 1770 supe
1110 1689 1147 1744 m

73 1797 243 1855 :mnam
258 1799 326 1855 uro
342 1781 439 1863 nuru
455 1797 548 1854 mnu
564 1797 671 1854 nuru
686 1797 755 1854 uro
771 1797 856 1855 rou
876 1800 976 1866 omne,
998 1798 1048 1872 qu·
1066 1797 1106 1854 ae
1119 1815 1147 1854 e

73 1896 198 1970 eerecipit
223 1893 234 1924 ¹
253 1903 357 1970 septem
375 1902 529 1970 precepta,
551 1902 576 1952 et
589 1914 622 1952 eo
636 1896 784 1970 ditipenter
797 1903 951 1971 exequutus
962 1896 1061 1968 fuerit,
1078 1897 1147 1953 uec
1206 1949 1211 1959 ,

72 1977 136 2051 piis
147 1975 309 2033 Notiouum
321 1983 368 2043 est,
380 1982 405 2032 et
415 1976 504 2032 lueres
513 1975 611 2047 futuri
620 1977 740 2050 muudi,·
750 1977 874 2033 videlicet
883 1978 909 2033 si
919 1978 983 2050 ipsu
993 1976 1146 2049 susceperit

73 2063 102 2113 et
123 2063 279 2130 exequutus
298 2055 389 2130 suerit
407 2062 568 2130 propterea,
591 2057 667 2130 quod
680 2056 758 2113 Deus
771 2075 803 2113 eu
818 2059 849 2112 in
863 2057 919 2132 lepe
927 2058 1106 2130 preceperit,
1121 2061 1147 2113 et

75 2137 154 2212 quod
182 2135 263 2193 nobie
278 2155 335 2210 per
356 2135 454 2193 Mosen
475 2136 645 2204 revelaverit,
669 2138 744 2210 quod
763 2137 832 2208 filiis
853 2137 924 2193 Noae
944 2137 1041 2193 ecdem
1062 2142 1146 2192 autea

69 2223 221 2291 praecepta
240 2215 377 2289 suerunt,·
396 2217 484 2273 cedei
497 2234 529 2272 eo
544 2235 561 2271 o
576 2216 697 2273 ilatioue
711 2218 814 2273 ductus
825 2223 979 2291 euequutus
990 2216 1087 2290 suerit,
1099 2215 1145 2271 bic

77 2314 137 2353 uon
150 2302 190 2353 eet
203 2296 307 2365 incolo,
322 2314 372 2353 uec
385 2315 419 2353 er
428 2297 494 2370 piis,
506 2315 556 2353 uec
566 2298 600 2326 Ἠ
610 2316 644 2354 eu
654 2297 804 2353 scientibus
816 2297 984 2352 Notiouum.
995 2295 1066 2353 Haec
1077 2296 1145 2351 sunt

78 2376 170 2434 verba
201 2373 394 2448 Muimonidis,
428 2374 531 2450 quibus
560 2375 595 2434 R.
630 2376 741 2450 Joseph
761 2374 836 2433 filius
857 2374 943 2433 Shem
964 2375 1025 2432 Tob
1040 2374 1071 2432 in
1092 2393 1144 2431 suo

77 2454 162 2526 libro,
185 2474 269 2529 quem
290 2459 376 2512 vocet
395 2455 496 2513 Kebod
516 2455 628 2513 Elohim
649 2475 700 2513 seu
719 2457 841 2532 pieriam
862 2457 925 2522 Dei,
948 2454 1035 2527 addit,
1058 2453 1142 2529 quod,

76 2533 213 2610 quamvis
243 2534 417 2593 Aristoteles
453 2541 547 2611 (quem
569 2555 708 2594 summam
728 2535 860 2594 Ethicam
881 2535 1029 2611 scripsisse
1049 2538 1142 2610 putet,

76 2620 109 2673 et
143 2634 232 2690 supra
252 2634 352 2673 omnes
373 2614 509 2688 aestimet)
529 2614 601 2673 nihil
622 2635 729 2689 eorum,
751 2634 813 2690 quae
834 2616 870 2674 ad
891 2635 989 2675 veram
1010 2614 1141 2673 Ethicem

77 2699 223 2771 spectant,
255 2700 285 2752 et
305 2715 370 2770 quae
390 2695 476 2753 etium
496 2694 527 2753 in
548 2715 602 2754 sua
621 2695 725 2755 Ethica
745 2697 895 2771 amplexus
915 2700 968 2766 est,
991 2694 1141 2764 omisisset,

74 2775 126 2834 sed
149 2775 246 2834 omnia
266 2774 419 2850 diligenter
439 2780 601 2850 exequutus
620 2775 731 2848 fuisset,
752 2777 807 2834 hoc
828 2782 925 2835 tamen
945 2775 1000 2850 ipsi
1021 2775 1141 2834 adsalu-

102 3002 115 3027 ‘
138 3002 188 3048 Est
211 3001 266 3048 haec
283 2978 363 3048 sectio
383 3002 475 3048 ultima
493 2974 636 3060 (munitm
653 2973 745 3060 mim
759 2973 863 3059 mimi
880 3005 965 3062 operis
982 3018 1002 3049 c.
1020 3007 1037 3050 t.
1054 3003 1143 3062 mvn

73 3070 152 3129 mist
168 3083 214 3116 seu
230 3070 330 3150 nplm
346 3069 385 3127 7³,
402 3084 416 3116 e
436 3084 486 3128 que
503 3071 595 3129 capitis
612 3071 633 3116 8.
656 3071 747 3116 ultime
762 3070 840 3115 verbe
856 3073 1013 3129 repetuntur.

107 3178 116 3206 ¹
133 3177 184 3222 NB.
201 3176 305 3222 Judaeos
321 3179 420 3235 putare,
437 3177 520 3222 Deum
537 3176 596 3222 Noe
613 3181 712 3236 septem
729 3180 855 3236 praecepte
872 3177 982 3234 dedisse,
998 3181 1024 3224 et
1035 3179 1067 3224 iis
1078 3179 1141 3225 solis

72 3252 164 3285 omnes
188 3238 306 3284 nationes
331 3240 425 3285 teneri:
452 3238 564 3286 Hebraeae
591 3244 675 3286 autem
701 3240 749 3285 soli
775 3239 824 3285 alia
848 3239 1003 3298 perplurima
1019 3245 1141 3299 preterea

72 3301 186 3358 dedisse,
202 3303 232 3346 nt
248 3313 304 3346 eum
320 3300 461 3348 beatiorem
478 3302 583 3360 reliquis
599 3302 703 3348 feceret.

102 3402 129 3428 ⁸³*
144 3404 225 3462 lm·
243 3404 326 3462 Vulgo
344 3405 466 3452 scribitur
482 3376 543 3463 Νῑη,
560 3405 629 3463 quod
646 3405 713 3451 idem
731 3404 860 3463 significat
876 3405 943 3462 (edd.
955 3406 1034 3463 prino.
1048 3404 1134 3449 1475-

70 3471 111 3528 80,
136 3470 205 3522 1490,
231 3471 299 3527 1524,
325 3473 410 3531 lusu).
435 3475 528 3520 Verum
544 3473 571 3518 iu
588 3473 693 3532 optimis
710 3472 782 3518 codd.
799 3471 868 3517 MSS.
887 3471 957 3526 (bibl.
975 3469 1056 3526 Boot,
1073 3471 1139 3518 Mus.

70 3573 143 3630 urit,
160 3572 255 3620 Semin.
272 3576 318 3622 Isr.
333 3576 418 3632 Lusit.
435 3575 576 3622 Amstelod.
596 3576 655 3621 enni
674 3575 733 3620 1282
746 3579 751 3627 t
763 3575 858 3632 legitur
868 3544 937 3633 ὡκ
948 3575 964 3619 i.
976 3587 998 3620 e.
1009 3574 1053 3620 eed
1064 3587 1095 3619 ear
1105 3587 1137 3618 ae.

70 3641 101 3688 N.
117 3641 217 3688 Eodem
234 3643 301 3689 redit
317 3645 386 3702 quod
402 3644 481 3690 habet
496 3645 524 3689 Β.
542 3643 640 3702 ‚Ioseph
656 3644 681 3688 in
701 3643 760 3688 libri
777 3643 865 3688 statim
874 3643 996 3688 laudandi
1004 3655 1061 3701 pag.
1073 3654 1137 3700 pun-

71 3715 277 3857 ώήὶωῗὸῗὲᾖκᾰ
294 3745 380 3792 Minus
398 3749 515 3793 accurate
532 3747 565 3792 Μ.
582 3746 635 3791 Joel
653 3746 679 3790 in
696 3745 783 3791 libello
796 3746 827 3790 de
838 3745 916 3803 hujus
926 3745 1011 3791 Tract.
1023 3743 1137 3791 lontibus

72 3825 140 3858 suno
221 3846 227 3858 .
243 3825 256 3858 e
276 3815 320 3861 ito.
