2662 4298
401 380 715 419 ermenoarae-romaici
736 380 799 419 ose.
822 381 853 434 x.
1126 362 1165 420 83

104 547 280 608 restauravit
322 547 422 623 scripti
460 547 576 619 fuerint,
617 547 704 623 idque
745 547 811 622 quia
842 551 902 604 tum
933 547 1071 622 temporis
1100 548 1165 606 falsi

104 629 240 698 Danielis,
261 628 366 686 Hezrae
384 631 414 685 et
427 626 537 686 Estcris
552 627 619 685 libri
629 629 787 686 edebantur
798 647 815 685 a
825 627 974 685 malevolis
985 627 1162 702 quibusdam,

109 709 159 785 qui
198 709 260 767 sine
300 708 385 766 dubio
416 708 508 767 Sectae
540 709 762 766 Tsaducaeorum
793 712 891 778 erant3
927 727 993 764 nam
1024 708 1165 766 Pharisaei

108 809 254 863 nunquam
286 789 351 846 illos
379 787 476 859 libros,
508 789 584 864 quod
608 788 704 860 sciam,
725 794 904 863 receperunt.
926 788 964 845 Et
984 788 1116 862 quamvis
1134 788 1165 846 in

107 870 190 940 libro,
222 869 276 944 qui'
294 869 398 926 Hezrae
420 873 540 943 quartus
561 867 674 939 dicitur,
695 868 800 926 fabulae
822 869 954 942 quaedam
975 867 1164 942 reperiantur,

108 955 240 1024 quast
211 949 297 1007 etiarn
328 949 359 1006 in
391 949 529 1007 Talmude
559 948 689 1023 legimus,
721 953 899 1006 nontamen
923 947 987 1006 ideo
1008 947 1164 1006 Pharisaeis

107 1033 176 1088 sunt
197 1029 356 1099 tribuendi3
379 1048 455 1097 nam,
478 1028 502 1087 si
521 1028 730 1105 stupidissimos
751 1029 856 1099 demas,
879 1029 974 1087 nullus
993 1048 1091 1087 eorum
1110 1034 1162 1099 est,

106 1109 233 1185 quinon
253 1109 360 1177 credat,
383 1108 447 1167 illas
466 1109 580 1167 fabulas
600 1111 636 1167 ab
658 1107 754 1184 aliquo
768 1113 911 1183 nugatore
921 1108 1049 1183 adjectas
1059 1108 1162 1178 fursee

103 1191 215 1264 quode
200 1190 286 1248 etiam
307 1190 392 1247 oredo
413 1189 524 1265 aliquos
543 1189 654 1261 fecisse,
676 1193 709 1246 ut
730 1208 826 1247 eorum
847 1188 1018 1246 traditiones
1033 1155 1166 1246 οιιιιιιιιιιιι

75 1343 78 1350 1
103 1270 238 1328 ridendas
278 1271 452 1345 praeberent.
431 1269 548 1327 tVel
580 1271 655 1327 forte
686 1288 720 1326 ea
751 1269 787 1326 de
818 1289 906 1327 causa
936 1275 997 1326 tum
1027 1269 1165 1344 temporis

104 1350 240 1425 descripti
281 1355 367 1423 atque
402 1348 472 1407 editi
449 1353 581 1420 teunt,
613 1355 646 1408 ut
675 1349 780 1424 populo
811 1368 843 1406 os
844 1350 1005 1418 tenderent,
983 1349 1164 1407 tDanielis

103 1431 275 1506 Prophetias
296 1429 466 1505 adimpletas
486 1449 558 1502 esse,
576 1434 663 1504 atque
682 1449 747 1487 eum
768 1431 823 1487 hac
842 1429 954 1487 ratione
975 1428 1005 1486 in
1025 1428 1163 1504 religione

102 1512 315 1580 confirmarent,
357 1530 394 1568 ne
434 1511 470 1568 de
506 1509 671 1568 melioribus
702 1515 732 1567 et
759 1510 858 1567 futura
889 1509 982 1567 salute
1012 1508 1042 1566 in
1073 1509 1164 1567 tantis

103 1590 315 1649 calamitatibus
337 1590 512 1666 desperaret.
534 1589 798 1660 Verumenimvero,
820 1589 951 1664 quamvis
972 1588 1003 1647 hi
1015 1588 1080 1646 libri
1092 1590 1163 1647 adeo

102 1676 233 1729 recentes
263 1675 293 1728 et
317 1670 384 1728 novi
405 1669 473 1742 sint,
495 1671 592 1729 multae
612 1675 709 1728 tamen
729 1670 841 1728 mendae
862 1690 899 1728 ex
919 1668 1112 1740 festinatione,
1133 1670 1162 1727 ni

104 1751 197 1822 fallor,
227 1750 448 1809 describentium
475 1750 506 1808 in
526 1751 640 1809 eosdem
663 1750 849 1826 irrepserunt.
870 1751 906 1807 In
927 1749 1005 1807 hisce
1025 1750 1109 1822 enim,
1131 1755 1164 1808 ιιι

104 1831 134 1888 in
155 1831 282 1906 reliquis,
305 1836 380 1890 notae
401 1830 585 1904 marginales,
607 1832 643 1890 de
662 1831 765 1906 quibus
784 1831 815 1888 in
835 1830 1008 1906 praecedenti
1029 1849 1091 1905 cap.
1106 1830 1163 1904 egi·

103 1930 175 1985 mus,
197 1912 294 1986 plures
315 1911 400 1969 etiarn
421 1909 613 1986 reperiuntur,
634 1916 664 1971 et
686 1915 828 1987 praeterea
848 1911 934 1969 etiam
947 1910 1010 1968 loca
1021 1911 1163 1986 quaedam,

104 2011 169 2065 quae
192 1992 272 2049 nulla
290 1992 347 2049 alia
367 1991 481 2049 ratione
504 1991 638 2049 excusari
656 1994 786 2066 possunt,
807 1995 841 2049 ιιι
856 1991 915 2066 jam
936 1991 1164 2049 ostendamzsed

104 2071 185 2146 prius
217 2071 293 2129 circa
325 2072 427 2129 horum
456 2072 632 2145 marginales
664 2071 802 2130 lectiones
830 2070 927 2128 notari
948 2071 1021 2139 volo,
1044 2071 1165 2144 quodsi

104 2151 261 2209 Pharisaeis
300 2152 522 2226 concedendurn,
565 2171 615 2209 eas
646 2171 729 2227 aeque
763 2151 897 2226 antiquas
927 2170 990 2207 esse
1023 2170 1058 2207 ac
1087 2151 1165 2224 ipsos

104 2233 205 2289 horum
245 2231 383 2289 librorum
425 2231 594 2306 Scriptores,
635 2236 696 2289 tum
727 2230 888 2289 necessario
918 2230 1067 2288 dicendum
1099 2229 1163 2300 erit,

103 2311 264 2387 Scriptores
295 2311 381 2387 ipsos,
415 2311 439 2370 si
469 2313 544 2370 forte
573 2312 671 2386 plures
700 2311 826 2382 fuerunt,
863 2330 914 2368 eas
944 2329 978 2367 ea
1009 2311 1044 2367 de
1075 2329 1162 2368 causa

102 2392 257 2463 natavisse,
280 2392 347 2466 quia
367 2392 444 2467 ipsas
466 2391 683 2466 Chronolcgias,
703 2392 779 2450 unde
800 2411 849 2449 eas
870 2390 1092 2465 descripserunt,
1104 2410 1161 2452 noa

102 2471 174 2529 satis
195 2477 329 2530 accurate
350 2473 474 2548 scriptas
497 2473 686 2543 invenerunt3
709 2477 738 2530 et
759 2471 889 2546 quamvis
903 2472 1034 2546 quaedam
1049 2472 1160 2529 mendae

103 2552 188 2610 clarae
221 2557 326 2623 essent,
356 2572 416 2610 non
436 2557 534 2611 tamen
552 2572 637 2611 ausos
658 2552 745 2611 fuisse
765 2552 950 2628 antiquorum
971 2557 1000 2609 et
1021 2551 1161 2626 majorum

103 2632 211 2707 scripta
232 2633 394 2691 emendare.
416 2633 476 2691 Nec
497 2652 569 2708 opus
589 2634 650 2709 jam
670 2634 771 2703 habeo,
794 2637 825 2691 ut
847 2634 881 2690 de
901 2631 947 2690 his
962 2631 1101 2707 prolixius
1114 2631 1162 2690 hic

100 2711 204 2770 iterum
225 2733 320 2787 agam.
341 2714 469 2771 Transeo
490 2713 580 2788 igitur
600 2714 636 2771 ad
650 2733 700 2772 eas
713 2713 905 2786 indicandum,
918 2732 980 2787 quae
991 2712 1021 2769 in
1031 2712 1162 2786 margine

99 2812 158 2850 non
178 2797 327 2852 notantur.
348 2794 445 2868 Atque
466 2795 489 2850 l.
512 2792 616 2865 nescio,
639 2798 709 2868 quot
728 2794 820 2852 dicam
841 2793 990 2868 irrepsisse
1011 2792 1041 2850 in
1055 2812 1117 2867 cap.
1132 2794 1160 2852 2.

98 2873 218 2943 Hezrae;
240 2893 307 2931 nam
328 2893 371 2933 vs.
394 2875 441 2932 64.
463 2873 588 2932 traditur
607 2894 719 2932 summa
739 2874 837 2932 totalis
857 2872 1101 2942 eorumomnium,
1113 2873 1162 2947 qui

100 2952 282 3011 distributive
312 2953 342 3011 in
373 2958 434 3011 toto
466 2954 560 3029 capite
590 2959 787 3018 numerantur.
808 2959 896 3029 atque
921 2953 1006 3010 iidem
1028 2952 1162 3010 dicuntur

99 3033 183 3091 simul
205 3033 295 3091 fuisse
316 3035 434 3106 42360,
456 3038 612 3107 ettamen,
634 3034 659 3092 si
679 3054 805 3092 summas
825 3033 962 3108 partiales
983 3033 1081 3101 addae,
1103 3052 1161 3090 non

98 3113 196 3188 plures
215 3113 346 3172 invenies
367 3134 454 3189 quam
475 3115 582 3173 29818.
604 3115 693 3172 Error
712 3113 803 3188 igitur
822 3113 869 3171 hic
889 3117 934 3171 est
953 3113 1001 3170 vel
1024 3112 1053 3169 in
1068 3112 1159 3182 totali,

99 3193 146 3250 vel
176 3192 206 3251 in
236 3194 409 3269 partialibus
439 3194 565 3252 summis.
594 3195 636 3251 At
665 3193 764 3251 totalis
785 3194 927 3251 credenda
948 3192 1063 3250 videtur
1082 3197 1161 3250 recte

98 3273 184 3343 tradi,
214 3273 282 3349 quia
306 3275 368 3332 sine
389 3274 474 3332 dubio
495 3294 558 3332 eam
579 3274 774 3349 unusquisque
794 3273 959 3331 memoriter
978 3271 1107 3341 retinuit,
1128 3275 1161 3328 ut

98 3371 159 3411 rem
179 3354 406 3425 memorabilem3
429 3355 566 3430 partiales
587 3359 683 3412 autern
704 3373 763 3412 non
782 3354 860 3411 item.
881 3352 1028 3426 Adeoque,
1046 3351 1071 3408 si
1081 3370 1161 3408 error

98 3433 128 3490 in
149 3434 267 3492 totalem
289 3454 427 3492 summam
448 3435 602 3504 laberetur,
625 3433 722 3492 statim
736 3432 889 3509 unicuique
903 3436 1025 3508 pateret,
1037 3431 1161 3489 etfacile

98 3514 301 3588 corrigeretur.
323 3516 419 3589 Atque
440 3515 494 3573 hoc
515 3534 552 3572 ex
566 3533 600 3572 eo
610 3515 696 3589 plane
707 3515 901 3584 confirmatur,
914 3512 988 3587 quod
999 3511 1028 3569 in
1040 3511 1158 3571 Nehem.

100 3613 162 3668 cap.
188 3595 224 3662 7.,
246 3593 295 3652 ubi
315 3596 370 3653 hoc
390 3599 477 3670 caput
497 3595 600 3653 Hezrae
612 3594 701 3670 (quod
712 3594 841 3670 Epistola
851 3592 1034 3666 Genealogiae
1045 3591 1160 3666 dicitur)

100 3673 281 3745 describitur,
314 3675 399 3733 sicuti
429 3694 564 3750 expresse
596 3693 671 3732 vers.
703 3675 730 3733 5.
762 3675 888 3750 ejusdem
920 3693 982 3748 cap.
1013 3673 1160 3731 Nehemiae

100 3752 214 3825 dicitur,
247 3774 358 3813 summa
388 3755 486 3813 totalis
517 3774 581 3813 cum
611 3755 666 3813 hac
695 3754 761 3812 libri
786 3755 890 3815 Hezrae
910 3754 996 3829 plane
1016 3753 1159 3822 convenit,

98 3833 238 3910 partiales
258 3839 354 3893 autem
375 3836 459 3894 valde
480 3835 659 3910 discrepant:
681 3835 819 3908 quasdam
840 3835 915 3893 enim
928 3834 1061 3908 majores,
1074 3853 1160 3908 quas·
