2662 4298
133 371 192 427 364
566 387 705 427 arrsroaa
727 388 782 428 mr.

135 557 170 625 ei,
193 557 242 633 qui
262 561 308 614 tot
329 556 465 627 historiis,
488 576 560 632 quas
573 555 713 615 Hodierni
727 560 761 615 et
774 558 919 635 Antiqui
933 565 1070 632 narrant,
1083 560 1177 621 marim

134 642 188 696 est.
217 638 326 712 llagna
355 636 508 695 aestimatio
536 656 570 695 ac
598 637 697 708 honor,
725 635 759 695 in
789 657 855 713 quo
888 643 924 698 te
951 640 1046 700 habui
1064 650 1177 718 semmai

133 719 228 777 adhuc
260 718 362 790 habeo,
394 721 428 775 ut
460 715 665 787 contradicam,
694 717 790 776 multo
819 718 933 779 minus
962 725 999 780 ut
1020 721 1073 780 tibi
1090 721 1177 789 blanda

134 817 193 856 non
223 797 342 873 patitur.
375 796 512 867 Medium,
546 797 622 872 quod
653 798 789 869 servabo,
819 803 885 870 est,
911 805 949 860 ut
970 821 1012 860 ex
1032 806 1085 873 tot,
1102 802 1177 877 quul

134 877 262 953 Spectris
282 875 380 952 legisti
400 875 548 947 historias,
569 896 657 935 unam
677 876 723 935 val
744 878 883 937 alteram
908 880 1026 957 eligere
1046 882 1177 959 plaeaabl

52 1010 55 1015 .
134 978 191 1032 qua
212 958 360 1015 minimum
381 956 514 1016 dubitare
533 955 610 1028 licet,
632 976 755 1033 quaeque
773 958 954 1020 clarissime
968 962 1177 1038 Speotraaxitu
1255 1025 1258 1030 ,

134 1038 321 1096 domonstrat.
352 1036 435 1107 Nam,
457 1041 491 1096 ut
511 1056 612 1095 verum
632 1040 735 1107 fatear,
757 1057 925 1115 nunquam
946 1042 1011 1102 fide
1032 1040 1176 1119 dignumlp'

133 1119 299 1189 Auctorem,
328 1117 377 1192 qui
401 1137 436 1176 ea
457 1116 520 1176 dari
540 1118 617 1176 clare
637 1118 816 1177 ostenderet.
838 1120 886 1179 Et
908 1123 1064 1183 hactonus
1082 1122 1177 1200 quiri

133 1198 245 1272 ignoro,
267 1217 407 1273 nemoque
428 1196 499 1256 mihi
519 1217 646 1273 amquam
666 1197 695 1255 id
712 1198 811 1273 potuit
823 1198 982 1262 indicare.
1000 1204 1176 1263 certamin
1254 1211 1258 1240 ³

134 1283 187 1343 est.
209 1280 284 1354 quod
307 1279 342 1336 de
362 1298 403 1349 re,
425 1298 511 1353 quam
532 1282 593 1336 tam
613 1277 690 1336 clare
706 1282 859 1338 monstrat
874 1283 1081 1359 experientia,
1091 1285 1176 1343 dela·
1256 1292 1258 1297 ’

133 1358 207 1417 scire
238 1358 305 1434 quid
337 1358 390 1430 sit3
423 1356 551 1434 alioquin
571 1356 736 1416 difficillimo
759 1377 800 1417 cx
821 1358 935 1437 aliqua
956 1364 1086 1424 historia
1103 1364 1176 1441 ΒΜ

130 1439 192 1497 dari
224 1439 400 1514 colligimus3
434 1437 583 1513 colligitur
613 1436 727 1513 quidem
758 1438 875 1515 aliquid
912 1462 993 1507 esso.
1025 1446 1101 1522 quod
1121 1450 1176 1503 tau

127 1539 211 1576 nemo
245 1519 306 1589 soit,
340 1519 409 1595 quid
441 1518 489 1576 sit.
522 1518 552 1576 Si
582 1517 757 1594 Philosophi,
788 1539 859 1595 qum
888 1521 1084 1598 ignoramus,
1103 1526 1176 1602 Spatia

128 1599 278 1657 nominare
304 1601 414 1670 volunt,
438 1599 571 1657 cahaad
592 1600 713 1674 negabo,
735 1597 804 1673 quia
824 1618 877 1660 res
899 1602 1038 1665 infinitae
1059 1610 1129 1678 sunt
1143 1622 1176 1681 ῃ

127 1698 173 1736 me
195 1679 300 1737 latent.

168 1757 306 1832 Denique,
346 1760 399 1818 Vir
437 1758 631 1834 Amplissime,
663 1762 820 1833 antequam
852 1780 907 1822 me
940 1765 1005 1824 hac
1040 1766 1071 1825 in
1099 1762 1178 1826 mut

130 1838 253 1896 ulterius
284 1839 434 1914 explicem,
467 1839 513 1897 dic
540 1858 638 1914 quaeso
665 1837 744 1908 mihi,
771 1859 917 1915 quoenam
941 1864 994 1904 res
1016 1847 1084 1911 haec
1102 1847 1179 1923 spem

128 1919 175 1976 rel
204 1918 328 1994 Spiritus
350 1919 417 1977 sint.
440 1919 551 1978 Suntne
571 1919 706 1991 infantes,
727 1918 819 1988 stulti,
841 1923 894 1980 vel
916 1923 1048 1986 insani?
1070 1927 1179 2003 Quinque

128 2000 163 2056 de
197 1999 232 2057 iis
265 2000 384 2059 auribus
414 1999 508 2069 hausi,
541 1999 638 2075 potius
668 1998 872 2075 insipientibus
909 2023 1008 2079 quam
1042 2006 1180 2085 sapianhh

129 2080 314 2151 conveniunt,
345 2098 475 2156 quaeque,
505 2084 538 2138 ut
558 2099 593 2138 ea
613 2079 643 2138 in
664 2079 809 2138 meliorem
831 2079 1082 2160 interpretemur
1099 2091 1180 2165 puin

129 2163 215 2218 rebus
249 2160 407 2236 puerilibus
442 2160 488 2218 rel
520 2161 674 2218 stultorum
706 2159 933 2222 delectamentis
967 2167 1113 2228 similiora
1136 2170 1181 2226 mal

126 2242 295 2316 Antequam
319 2241 395 2313 finio,
420 2242 474 2298 hoc
495 2261 582 2298 unum
605 2240 657 2298 tibi
678 2259 847 2316 proponam,
869 2241 949 2303 illud
973 2248 1094 2308 scilicet
1112 2247 1182 2308 deside

129 2321 213 2392 rium,
250 2324 323 2397 quod
355 2322 522 2397 plerumque
552 2320 684 2378 homines
714 2321 830 2392 habent,
864 2341 925 2393 res,
963 2347 1029 2386 non
1060 2335 1094 2389 ut
1117 2346 1183 2388 rerer

126 2407 203 2471 sunt,
232 2404 281 2460 sed
304 2408 336 2460 ut
357 2413 406 2460 aas
428 2401 601 2471 desiderant,
624 2400 769 2471 narrandi,
791 2400 908 2460 facilius
932 2425 975 2464 ex
998 2410 1185 2470 narratiombn

126 2482 160 2538 de
199 2483 368 2540 Lemuribus
400 2481 591 2556 Spectrisque,
624 2502 658 2539 ao
689 2501 726 2539 ex
757 2479 820 2538 aliis
852 2489 1013 2557 cognosci.
1051 2486 1185 2567 Hujusm'

126 2562 281 2635 praecipua,
313 2567 346 2619 ut
377 2563 471 2629 credo,
504 2561 579 2619 ratio
611 2566 664 2630 est,
698 2561 782 2637 quod,
812 2561 881 2635 quia
911 2565 1071 2640 ejusmodi
1093 2569 1187 2630 histem

124 2660 182 2697 non
203 2641 274 2698 alios
294 2643 403 2698 habeut
423 2645 521 2707 testes,
544 2642 599 2699 nisi
618 2661 718 2700 earum
739 2645 916 2714 narratores
943 2647 1062 2709 harum
1083 2652 1188 2711 inventu

125 2739 177 2793 pro
203 2719 304 2789 lubitu,
327 2721 565 2789 circumstantias
589 2743 652 2797 (luae
674 2722 700 2780 ei
724 2721 972 2785 commodissimas
997 2730 1147 2804 videntur,
1162 2729 1189 2788 rel

126 2800 231 2857 addere
263 2801 308 2857 vel
342 2802 454 2858 demere
485 2806 591 2875 potest,
625 2822 678 2860 nec
709 2802 799 2875 timet,
828 2805 860 2858 ut
883 2803 943 2861 sibi
967 2810 1132 2888 quisquam
1149 2831 1189 2870 coo·

125 2879 266 2950 tradicat3
289 2881 437 2955 speciatim
459 2901 527 2938 vero
550 2902 599 2939 eas
621 2882 716 2957 fingit,
738 2887 771 2940 ut
791 2885 911 2953 metum,
930 2905 1030 2960 quem
1047 2895 1087 2951 de
1102 2891 1192 2953 somniis

125 2965 154 3017 et
184 2961 397 3034 phantasmatis
428 2962 567 3037 concepit,
599 2963 746 3037 justificet,
780 2963 826 3020 vel
856 2962 951 3022 etiam
987 2975 1025 3028 ut
1055 2973 1192 3033 audaciam

126 3041 220 3111 fidem,
250 3046 279 3098 et
307 3043 470 3117 opinionem
497 3062 577 3100 suam
600 3042 737 3100 stabiliat.
759 3044 872 3101 Praeter
892 3043 950 3102 has
974 3051 1058 3112 alias
1081 3051 1194 3114 adinveni

126 3121 262 3192 rationes
296 3143 360 3198 <puae
392 3142 437 3180 me
469 3123 504 3180 ad
538 3122 735 3193 dubitandum,
769 3123 792 3180 si
822 3143 880 3180 non
906 3124 943 3182 de
972 3128 1054 3205 ipsis
1078 3132 1194 3199 historiis,

126 3201 229 3259 saltem
261 3203 296 3260 de
328 3203 454 3261 narratis
485 3203 718 3274 circumstantiis,
749 3209 929 3278 permovent,
963 3229 1106 3290 quaeque
1130 3233 1195 3293 quam

125 3281 251 3340 maxime
286 3284 322 3340 ad
357 3283 577 3352 conclusionem,
614 3303 700 3358 quam
736 3304 773 3341 cx
807 3283 863 3341 illis
893 3284 1037 3350 historiis
1073 3297 1197 3355 deducam

126 3381 272 3434 conanum,
294 3364 412 3423 iaciunt.
435 3363 491 3422 Hie
512 3364 649 3432 desinam,
671 3384 761 3439 usque
783 3365 848 3422 dum
863 3363 1058 3444 intellexere,
1078 3394 1197 3452 quaenan

125 3462 168 3500 cra
191 3443 249 3501 sint
269 3444 407 3512 historiae,
430 3444 535 3520 quibus
556 3445 597 3502 ita
619 3444 768 3502 convictus
789 3464 830 3509 es,
849 3448 882 3502 ut
895 3444 950 3504 tibi
965 3449 1007 3509 de
1023 3452 1062 3512 iis
1079 3458 1198 3516 dubitare

125 3525 281 3581 absurdum
303 3525 445 3594 videatur,
468 3530 521 3584 etc.
