2662 4298
564 375 701 414 urrsroua
724 375 763 413 vi.
900 399 904 405 .
1140 357 1196 415 211

168 546 192 614 ξ.
215 543 262 601 25.
305 542 340 599 ln
367 542 423 599 hac
451 545 476 613 ἓ.
506 541 622 600 videtur
649 541 835 600 Clarissimus
861 541 912 600 Vir
927 543 957 615 a)
987 541 1061 599 velle
1083 542 1199 599 demon·

127 627 231 694 strare,
253 627 353 697 partes
376 622 549 692 alcalisatas,
572 641 625 698 per
637 621 793 697 impulsum
808 621 1014 696 particularum
1030 621 1198 692 salinarum,

127 704 184 760 huo
204 702 271 760 illuc
292 701 377 772 ferri;
399 702 558 778 particulas
579 722 649 761 vero
671 702 779 760 salinas
799 701 916 776 proprio
936 701 1062 778 impulsu
1076 722 1107 760 se
1121 702 1200 777 ipsas
1281 697 1285 703 “

126 783 157 839 in
185 792 280 840 aerem
306 783 415 841 tollere.
447 783 486 840 Et
513 802 568 857 ego
596 783 626 840 in
655 781 848 858 explicatione
863 782 890 855 b)
918 781 1107 840 Phaenomeni
1129 782 1199 852 dixi,

127 864 204 936 quod
231 862 382 938 particulae
411 862 537 937 Spiritus
562 861 639 920 Nitri
665 862 883 921 concitatiorem
903 866 1013 921 motum
1035 861 1198 937 acquirunt,

126 963 162 1000 eo
178 944 203 1016 e)
236 942 320 1017 quod,
354 962 419 1000 cum
434 956 437 962 ·
450 943 569 1001 latiores
593 947 713 1001 ‘meatus
743 942 956 1017 ingrediuntur,
988 942 1150 1001 necessario
1183 962 1200 1000 a

129 1022 252 1080 materia
279 1022 376 1098 aliqua
391 1026 423 1096 d)
449 1023 636 1082 subtilissima
653 1022 730 1097 cingi
752 1023 866 1089 debent,
888 1027 918 1080 et
939 1024 975 1081 ab
997 1024 1105 1095 eadem,
1127 1028 1160 1081 ut
1175 1023 1199 1093 el

126 1104 165 1160 ab
192 1102 261 1176 igne
286 1103 436 1177 particulae
450 1104 479 1177 f)
510 1103 591 1177 ligni,
614 1123 726 1161 sursum
748 1103 815 1177 pelli
829 1104 875 1179 9);
896 1103 1048 1179 particulae
1069 1123 1139 1161 vero
1161 1103 1200 1160 al·
1228 1134 1231 1140 ·
1328 1106 1329 1111 ’

127 1182 257 1240 calisatae
286 1203 369 1241 suum
397 1187 507 1241 motum
534 1188 709 1258 acceperunt
722 1185 750 1252 b)
778 1185 814 1241 ab
842 1183 967 1258 impulsu
992 1183 1200 1259 particularum
1224 1195 1227 1203 '

128 1262 253 1338 Spiritus
274 1263 350 1320 Nitri
367 1283 420 1338 per
434 1263 619 1338 angustiores
632 1268 745 1321 meatus
760 1283 790 1320 se
805 1263 1023 1321 insinuantium.
1046 1263 1102 1320 Hic
1116 1264 1200 1331 addo,

127 1363 235 1418 aquam
260 1358 362 1418 puram
389 1363 449 1401 non
476 1344 548 1401 adeo
577 1343 660 1402 facile
689 1344 810 1414 solvere,
841 1348 927 1417 atque
958 1344 1058 1401 laxare
1080 1363 1164 1418 posse
1178 1345 1200 1415 i)

128 1428 229 1499 partes
256 1425 346 1481 fixas:
377 1424 472 1493 Quare
486 1425 516 1496 lo)
539 1444 594 1482 nou
617 1423 721 1481 mirum
743 1428 796 1492 est,
820 1424 895 1498 quod
917 1443 952 1481 ex
975 1423 1116 1482 offusione
1138 1423 1201 1498 Spi-

129 1503 203 1561 ritus
231 1503 306 1561 Nitri
332 1503 362 1561 in
389 1503 560 1562 solutionem
588 1504 657 1562 salis
684 1503 768 1562 istius
796 1503 848 1561 fixi
875 1503 905 1561 in
929 1523 1004 1578 aqua
1034 1503 1165 1562 dissoluti
1180 1505 1201 1577 l)

128 1583 197 1640 talis
219 1583 357 1653 ebullitio,
380 1585 491 1658 qualem
514 1584 567 1642 Vir
589 1583 771 1642 Clarissimus
794 1587 819 1656 ξ.
833 1586 880 1642 24.
895 1584 1008 1653 recitat,
1025 1583 1201 1656 oriaturm);

128 1663 186 1721 imo
208 1668 287 1738 puto,
310 1664 385 1721 hanc
408 1664 605 1722 ebullitionem
626 1664 810 1723 fervidiorem
831 1665 902 1738 fore,
925 1683 1010 1739 quani
1032 1664 1056 1722 si
1077 1663 1202 1739 Spiritus

129 1743 208 1801 Nitri
236 1743 289 1801 sali
310 1743 369 1801 fixo
390 1744 485 1802 adhuc
505 1744 616 1802 intecto
636 1744 836 1802 instillaretur.
859 1744 933 1802 Nam
953 1744 984 1802 in
1006 1764 1081 1820 aqua
1101 1745 1132 1801 in
1152 1743 1202 1800 mi·

129 1823 299 1881 nutissimas
320 1824 475 1882 moleoulas
496 1825 672 1895 dissolvitur,
695 1845 759 1899 quae
780 1825 893 1883 facilius
914 1824 1008 1882 dirimi
1030 1829 1117 1900 atque
1135 1824 1202 1882 libe·

130 1904 191 1962 rius
219 1904 328 1962 moveri
358 1909 488 1979 possunt,
518 1925 603 1980 quam
625 1925 689 1963 oum
711 1925 810 1963 omnes
830 1910 929 1981 partes
950 1905 1018 1963 salis
1033 1908 1064 1979 n)
1087 1904 1141 1963 sibi
1162 1904 1202 1961 in·

130 1984 225 2042 vicem
245 1984 424 2050 incumbunt,
447 1989 534 2059 atque
555 1985 677 2043 firmiter
697 1986 858 2043 adhaerent.

172 2067 197 2136 ξ.
221 2065 268 2122 26.
310 2065 354 2123 De
375 2084 477 2140 sapore
500 2065 624 2140 Spiritus
645 2065 719 2123 acidi
738 2065 798 2139 jam
819 2066 932 2123 locutus
953 2085 1033 2136 sum;
1056 2075 1146 2140 quare
1168 2064 1202 2122 de

128 2145 189 2202 solo
219 2143 303 2202 elcali
333 2144 484 2203 dicendum
512 2150 613 2204 restat.
636 2146 669 2203 ld
691 2165 755 2203 cum
776 2145 952 2221 imponerem
973 2145 1082 2220 linguae
1098 2150 1134 2214 ο),
1157 2163 1202 2202 ca-

133 2225 232 2296 lorem,
262 2244 345 2298 quem
374 2225 492 2300 punctio
502 2226 538 2300 p)
566 2227 750 2301 sequebatur,
776 2224 945 2283 sentiebam.
968 2224 1050 2294 Quod
1071 2223 1141 2282 mihi
1161 2223 1203 2281 iu-

135 2305 221 2375 dicat,
237 2307 266 2379 q)
294 2306 436 2380 quoddam
466 2326 558 2380 genus
586 2305 672 2364 calcis
693 2325 770 2364 esse:
793 2305 892 2363 eodem
913 2304 988 2363 enim
1010 2305 1095 2362 modo
1116 2309 1204 2379 atque

131 2386 198 2442 calx
226 2404 280 2460 ope
313 2405 405 2460 aquae,
427 2385 470 2444 ita
490 2386 545 2444 hoc
566 2387 609 2444 sal
629 2405 683 2462 ope
704 2385 813 2457 salivae,
835 2384 956 2456 sudoris,
979 2384 1098 2461 spiritus
1118 2383 1203 2454 Nitri,

134 2470 164 2523 et
185 2466 261 2522 forte
282 2465 367 2524 etiam
391 2465 466 2524 aeris
486 2465 605 2538 humidi,
626 2465 783 2524 incalescit.

173 2549 199 2616 ξ.
222 2546 269 2602 27.
311 2545 375 2604 Non
404 2546 502 2604 statim
517 2548 545 2620 ν)
572 2546 709 2621 sequitur,
731 2545 903 2623 particulam
925 2545 1050 2620 aliquam
1072 2544 1202 2602 materiae

132 2645 171 2682 cx
192 2645 225 2683 eo
247 2626 323 2700 quod
344 2626 392 2684 alii
411 2626 546 2702 jungitur
559 2627 594 2701 s),
616 2647 721 2685 novam
744 2626 892 2702 acquirere
912 2627 1052 2701 figuram3
1075 2625 1125 2683 sed
1142 2629 1205 2682 tan·

133 2710 195 2763 tum
216 2705 356 2781 sequitur,
378 2706 471 2781 ipsam
492 2707 629 2782 majorem
650 2707 721 2778 fieri,
745 2711 774 2765 et
794 2707 823 2765 id
845 2707 951 2765 sufficit
968 2707 1005 2765 ad
1024 2705 1204 2764 efficiendum

132 2785 170 2853 id,
193 2786 268 2860 quod
290 2786 321 2843 in
342 2787 397 2844 hac
419 2791 444 2858 ξ.
466 2789 503 2845 ab
525 2787 600 2846 Olar.
623 2787 692 2846 Viro
715 2787 856 2863 quaeritur
870 2793 902 2858 t).

175 2869 201 2937 ἓ.
224 2867 271 2924 33.
315 2866 388 2936 Quid
417 2867 452 2925 de
480 2867 592 2925 ratione
620 2867 847 2943 Philosophandi
876 2865 1033 2926 Clarissimi
1054 2865 1118 2923 Viri
1139 2885 1204 2924 sen·

134 2945 214 3015 tiam,
237 2945 339 3016 dicam,
362 2951 514 3022 postquam
536 2947 636 3005 videro
657 2967 720 3006 eam
741 2947 990 3017 Dissertationem,
1014 2947 1049 3004 de
1071 2966 1128 3021 qua
1149 2946 1204 3016 hic,

134 3025 216 3083 etin
238 3026 487 3086 commentatione
508 3028 672 3086 Proeemiali
692 3047 760 3103 pag.
783 3029 830 3086 23.
852 3027 961 3085 mentio
981 3029 1015 3085 fit
1029 3030 1067 3101 e).

135 3242 349 3250 ———

166 3347 191 3402 a)
210 3347 248 3390 ob·
264 3347 292 3391 cl.
421 3346 444 3403 b)
461 3347 482 3392 L
500 3347 586 3392 addit:
603 3347 685 3403 liujus.
812 3348 832 3400 o)
845 3346 1003 3403 particulas.
1014 3383 1019 3391 .
1029 3376 1051 3392 ..
1069 3345 1206 3403 acquirere,

133 3423 163 3452 cn
179 3422 212 3453 eo.
340 3410 365 3466 d)
384 3408 414 3454 ab
430 3410 517 3468 aliquo
533 3410 647 3454 moterlo.
774 3409 794 3465 e)
814 3422 830 3453 a
846 3422 903 3467 qua,
919 3409 999 3452 eodem
1016 3408 1085 3452 inodo
1102 3421 1138 3454 ac.

162 3471 190 3528 fi
203 3477 300 3528 luentes.
425 3472 451 3529 y)
464 3472 601 3529 pelluntur.
728 3472 752 3527 h]
766 3471 921 3528 particolar.
933 3503 938 3514 .
948 3505 953 3517 .
963 3505 969 3516 .
979 3472 1096 3528 accipere.

169 3535 186 3583 lt
204 3535 295 3578 soluere
311 3548 390 3592 posse,
407 3547 483 3593 neque
501 3535 595 3578 locare.
722 3535 747 3589 let
764 3538 925 3591 quapropter.
1053 3533 1070 3584 n
1088 3533 1115 3577 in
1132 3534 1207 3577 istius

134 3596 213 3640 solis.
226 3629 246 3640 ..
259 3597 390 3642 dissoluti
405 3597 558 3642 solutionem.
683 3596 716 3652 ml
734 3598 850 3641 oriretur.
976 3594 1003 3653 n)
1020 3595 1041 3640 L
1059 3595 1142 3641 addit:
1154 3596 1207 3651 fini.

167 3659 189 3712 ο)
208 3659 298 3715 linque
316 3660 473 3717 imponerem.
594 3660 624 3717 p)
642 3660 682 3704 caci
694 3660 842 3717 punqentr'o.
968 3659 992 3717 q)
1010 3658 1030 3703 L
1048 3658 1133 3704 addit:
1150 3658 1184 3702 id.

172 3720 194 3776 r)
212 3735 261 3765 non
277 3735 379 3779 eenqaer.
506 3720 528 3777 s)
546 3722 570 3765 ei
581 3722 712 3779 particulo
729 3726 787 3766 ciret.
806 3721 881 3766 elteri
891 3721 1026 3778 juncatur,
1043 3735 1103 3765 corn.

168 3787 185 3835 t)
203 3783 267 3840 quod
284 3789 357 3829 antea
376 3797 425 3829 non
438 3789 563 3842 potuerat,
580 3799 670 3829 accrum
687 3800 720 3830 er.
738 3784 832 3829 rodere.
958 3783 982 3840 v)
995 3788 1126 3841 postquem
1145 3782 1205 3827 dies.

137 3844 217 3899 illem,
233 3846 262 3890 de
278 3861 326 3904 qna
338 3879 406 3904 .....
423 3847 514 3892 videro.
