2662 4298
441 345 759 385 rnaonoemoromrror
780 346 844 386 cae.
866 347 908 385 rx.
1173 327 1210 385 ta

132 516 162 571 et
181 516 338 570 truncatus
358 511 405 582 sit,
428 511 537 571 scilicet
558 513 597 571 Et
621 511 758 571 Absalom
770 514 846 588 sup-it
857 515 961 588 ivitque
972 513 1010 569 cd
1026 513 1207 569 [tatemerem

132 594 228 666 fitium
263 593 416 651 Hamitud
447 593 549 665 Bepem
584 593 687 661 Gesner,
719 601 743 650 et
768 595 842 651 tersit
862 594 955 666 fitium
975 611 1057 650 mecm
1081 592 1210 649 ominibus

132 674 240 743 diebus,
262 679 288 730 et
313 671 451 731 Abantem
473 675 549 749 fcpit
560 675 666 749 ivitque
680 673 782 741 Ges-ur,
794 675 955 747 mansitque
965 674 1005 729 iti
1015 680 1071 729 tres
1082 691 1173 729 certios
1184 675 1208 729 *.

131 752 169 811 m
210 753 248 810 ad
288 753 365 810 hunc
400 753 515 811 modum
550 752 608 811 scio
638 772 684 810 me
716 753 841 811 antehac
871 753 928 810 alia
959 752 1114 824 natavisse,
1147 771 1209 826 quae

132 831 395 908 impraesentiarum
416 852 475 890 non
489 838 660 892 occurrunt.

172 912 256 982 Quod
288 916 386 970 autem
420 918 498 972 notae
530 913 714 988 marginales,
747 932 811 988 quae
843 912 874 969 in
901 912 1035 971 Hebraeis
1056 912 1209 970 Codicibus

131 993 241 1069 passim
274 990 472 1063 inveniuntur,
505 993 597 1052 dubiae
618 993 727 1051 fuerint
748 991 895 1063 lectiones
917 1013 1000 1051 nemo
1022 993 1109 1051 etiam
1131 993 1209 1051 dubi·

132 1078 197 1131 tare
228 1077 334 1149 potest,
369 1073 418 1149 qui
449 1074 583 1144 attendit,
613 1074 686 1149 quod
709 1074 854 1150 pleraeque
875 1093 912 1131 ex
932 1093 1039 1147 magna
1061 1073 1209 1131 literarum

132 1153 344 1223 Hebraicarum
377 1152 564 1212 similitudine
585 1153 662 1212 inter
682 1174 713 1212 se
735 1160 807 1212 ortae
830 1153 896 1211 sint.
918 1153 1029 1228 Nempe
1050 1173 1086 1210 ex
1108 1153 1207 1210 simili-

134 1232 246 1304 tudine,
280 1252 366 1308 quam
398 1233 487 1293 habet
517 1235 536 1290 ³
566 1234 627 1292 Kaf
652 1254 715 1292 cum
738 1237 758 1291 2
778 1235 842 1303 Bet,
864 1235 874 1264 ³
895 1234 951 1290 Jod
974 1253 1037 1290 oum
1059 1239 1069 1289 t
1091 1234 1209 1302 Vau‚'t

133 1313 220 1372 Daiet
242 1332 308 1372 cum
329 1316 349 1371 Ἰ
369 1314 435 1386 Rae,
458 1319 513 1373 etc.
535 1314 568 1372 Ε.
591 1334 629 1389 g.‚
652 1314 700 1372 ubi
721 1314 770 1382 lib,
786 1315 813 1372 2.
829 1313 904 1371 Sam.
918 1333 979 1388 cap.
993 1313 1207 1387 5.rspeenult.

132 1393 271 1453 scribitur
300 1394 417 1475 mitt
448 1402 473 1452 et
503 1398 534 1453 in
565 1414 595 1453 eo
628 1396 780 1470 (tempore)
813 1412 869 1470 pao
896 1395 1004 1464 audies,
1033 1394 1158 1451 habetur
1177 1392 1206 1449 in

129 1499 266 1576 margine
298 1501 415 1582 '11'le
437 1521 502 1560 cum
524 1503 637 1572 ueritiam
659 1506 688 1559 et
710 1520 772 1576 cap.
795 1501 842 1558 21.
864 1500 933 1558 Jud.
955 1520 997 1558 vs.
1020 1501 1067 1557 22.
1090 1500 1118 1556 '2
1141 1501 1207 1557 mm

128 1618 201 1705 :rit
219 1649 325 1709 mnu
341 1653 377 1710 m
393 1651 499 1708 ῦΓΊῚΞΝ
515 1649 595 1706 mn*
616 1657 639 1706 et
662 1650 777 1724 picando
798 1668 899 1706 curtim
915 1657 1018 1724 putres
1038 1651 1078 1706 ret
1098 1651 1208 1722 fratres

127 1730 160 1785 in
195 1729 381 1788 multitudine
415 1730 454 1802 (h.
490 1749 514 1788 e.
551 1731 641 1804 saepe)
677 1731 716 1787 cd
746 1748 797 1786 cos
827 1733 960 1801 uenerint,
993 1737 1051 1796 etc,
1084 1729 1208 1787 habetur

127 1848 159 1907 in
190 1849 324 1923 margine
345 1821 415 1908 2³55
436 1852 475 1908 ad
496 1852 682 1925 titipccotum.
704 1851 742 1908 Et
763 1851 798 1908 ad
821 1852 898 1909 hunc
919 1853 1035 1909 modum
1056 1851 1206 1925 permultae

127 1927 234 1987 deinde
266 1929 353 1989 ctiam
386 1935 458 1989 ortae
490 1935 559 1989 sunt
592 1950 630 1988 ex
664 1951 717 1988 usu
745 1930 903 2003 literarum,
926 1952 1000 2007 quas
1021 1931 1207 2001 Quieseentes

126 2013 246 2080 vocant,
268 2028 390 2085 quarum
406 2010 540 2068 nimirum
555 2010 759 2086 pronunciatio
771 2012 929 2086 saepissime
941 2013 1020 2070 nulla
1032 2011 1164 2082 sentitur,
1177 2015 1207 2068 et

127 2088 292 2166 promiscue
313 2111 373 2150 una
393 2110 446 2166 pro
467 2090 524 2149 alia
541 2092 673 2150 sumitur.
689 2092 743 2148 Ex.
760 2111 802 2166 gr.
815 2092 908 2150 Levit.
921 2112 983 2167 cap.
997 2095 1043 2150 25.
1057 2112 1099 2150 vs.
1113 2094 1159 2150 30.
1172 2094 1205 2126 *²¹⁴

127 2209 267 2270 scribitur
291 2213 373 2270 narn
401 2198 445 2270 ut
469 2215 543 2272 'iisd‘
569 2213 641 2278 2⁸92
668 2217 742 2272 mn
764 2214 841 2269 nnn
867 2215 919 2295 Upi
941 2221 966 2270 et
987 2213 1204 2285 rurestrmcbitur

126 2319 240 2390 domus,
275 2338 339 2395 qcoe
371 2327 410 2378 est
439 2322 471 2377 ta
503 2324 623 2390 civitate,
657 2324 705 2378 cut
731 2340 788 2379 nort
817 2329 856 2379 est
884 2339 1003 2393 mea·us;
1022 2318 1052 2374 in
1073 2317 1204 2391 margine

127 2443 227 2498 autem
247 2440 373 2498 habetur
393 2442 474 2498 mitt
490 2426 521 2496 15
537 2445 612 2501 'iam
633 2445 681 2499 eui
702 2450 743 2500 est
765 2461 883 2517 priimum
904 2446 957 2499 eto.

169 2521 211 2577 At
243 2520 375 2595 quamvis
407 2521 471 2579 haec
502 2541 554 2596 per
585 2541 615 2579 se
648 2523 719 2579 satis
750 2524 829 2580 clara
859 2521 926 2591 sint,
952 2521 1022 2579 libet
1043 2519 1204 2578 rationibus

127 2600 311 2676 quorundam
325 2601 537 2660 Pharisaeorum
553 2602 737 2677 respondere,
751 2603 855 2678 quibus
866 2603 1041 2677 persuadere
1053 2605 1202 2669 conantur,

127 2684 215 2738 notas
247 2680 424 2756 marginales
455 2682 490 2739 ad
513 2682 628 2757 aliquod
649 2684 819 2757 mysterium
841 2683 1062 2757 significandum
1084 2684 1120 2738 ab
1135 2680 1204 2755 ipsis

127 2759 268 2818 librorum
300 2780 448 2820 sacrorum
482 2762 676 2836 Scriptoribus
708 2763 855 2838 appositas
876 2764 922 2821 vel
943 2762 1084 2820 indicatas
1105 2761 1201 2819 fuisse.

127 2840 242 2898 Harum
258 2845 401 2917 prienam,
424 2862 487 2916 quae
510 2843 623 2918 quidem
644 2863 689 2900 me
711 2863 813 2917 parum
834 2843 939 2917 tangit,
962 2846 1079 2899 sumunt
1100 2861 1202 2898 exusu

127 2921 246 2996 legendi
267 2921 448 2997 Scripturas:
471 2922 504 2991 si,
526 2922 669 2998 inquiunt,
691 2924 737 2981 hee
759 2928 836 2981 notec
856 2923 994 2999 appositae
1006 2926 1074 2980 sunt
1085 2926 1203 2996 propter

128 3001 284 3060 lectionum
305 3001 487 3074 varietatem,
510 3023 583 3078 epuns
603 3003 711 3079 posteri
734 3004 864 3061 decidere
885 3023 943 3061 non
964 3007 1128 3076 potuerunt,
1152 3021 1203 3058 eur

128 3100 200 3156 ergo
220 3101 290 3140 usus
311 3082 444 3154 invaluit,
466 3087 499 3140 ut
520 3103 621 3141 sensus
642 3083 811 3157 marginalis
833 3083 937 3157 ubique
959 3082 1203 3140 retineaturtour

126 3161 272 3237 inquiunt,
306 3182 431 3233 sensum,
455 3182 539 3237 quem
561 3164 687 3221 retinere
708 3164 854 3231 volebant,
876 3163 906 3219 in
928 3162 1061 3235 margine
1082 3166 1199 3219 notave·

128 3246 219 3300 runt?
241 3242 402 3301 debuerant
422 3248 524 3302 contra
546 3244 610 3319 ipsa
631 3243 778 3302 volumina
799 3242 933 3310 scribere,
956 3246 1044 3316 prout
1054 3241 1112 3314 legi
1122 3242 1201 3299 vole-

130 3323 211 3392 bant,
233 3341 292 3381 non
313 3328 409 3381 autem
432 3343 547 3382 sensum
569 3329 598 3382 et
619 3323 778 3392 lectionem,
802 3342 886 3397 quam
904 3321 1029 3378 maxime
1039 3322 1202 3395 probabant

129 3401 160 3459 in
181 3402 313 3478 margine
334 3408 446 3462 notare.
470 3406 602 3463 Secunde
624 3423 692 3462 vero
714 3403 797 3472 ratio,
820 3407 849 3460 et
863 3400 1200 3476 queealiquamspeoiem

129 3501 192 3557 prae
215 3502 246 3541 se
267 3483 345 3541 forre
365 3483 490 3554 videtur,
512 3504 549 3542 ex
569 3484 633 3559 ipsa
653 3482 695 3542 rei
715 3488 820 3541 natura
841 3480 978 3539 sumitur:
1001 3500 1103 3554 nempe
1125 3481 1200 3556 quod

128 3563 241 3621 mendae
272 3583 331 3622 non
363 3565 431 3622 data
463 3584 558 3639 opera,
593 3565 643 3622 sed
677 3583 745 3622 casu
772 3562 803 3620 in
823 3561 942 3620 Codices
961 3560 1150 3635 irrepserunt,
1172 3566 1202 3619 et

158 3755 172 3783 ¹¹
197 3758 234 3804 (tf.
252 3756 347 3804 Annot.
366 3757 420 3803 XX

159 3821 183 3841 '⁵
197 3820 244 3867 Ed.
261 3821 315 3868 Pr.:
333 3820 370 3866 27.
