2662 4298
563 349 701 386 urrsronu
723 349 771 389 nv.
1145 331 1202 388 375

79 546 86 578 .·
116 519 161 578 ,si
183 519 237 576 hoc
258 538 359 576 verum
380 523 433 591 est,
456 515 499 573 uti
520 535 623 573 revera
643 521 697 584 est,
719 515 1004 590 rebus‘incorporcis
1025 537 1083 574 non
1103 517 1203 592 depra-

79 627 82 633 ·
126 603 218 658 vatur
238 597 422 655 minuiturve.
446 597 517 666 Quae
539 597 574 653 de
595 595 756 666 Centauris,
782 596 899 671 Hydris,
917 595 1044 672 Harpyis
1054 602 1108 655 etc.
1121 597 1201 667 dicis,

79 718 83 729 ι
128 678 179 737 hic
210 679 319 736 nullum
349 678 458 735 habent
488 677 597 734 locum:
630 675 774 750 loquimur
795 676 872 734 enim
893 677 928 733 de
950 676 1201 734 universalissimis

80 804 84 809 .
127 778 227 817 rerum
249 757 411 832 generibus,
434 758 525 831 deque
546 755 646 831 primis
668 757 823 813 eorundem
846 756 993 830 gradibus,
1015 776 1080 831 quae
1102 759 1155 814 sub
1173 777 1204 814 se

128 839 229 897 varias
249 842 279 896 et
295 837 519 895 innumerabiles
529 836 776 911 comprehendunt
787 837 913 911 species;
927 837 1036 895 scilicet
1047 838 1082 894 de
1094 842 1203 895 aeterno

129 923 161 978 et
192 917 352 993 temporali,
384 936 471 975 causa
503 922 533 974 et
564 917 680 985 effectu,
716 915 798 973 finito
827 921 857 974 et
877 916 999 987 infinito,
1021 917 1149 975 animato
1170 937 1205 975 ac

127 999 298 1068 inanimata
321 997 485 1055 substantia
505 1001 535 1054 et
549 995 690 1054 accidenti
702 997 749 1054 vel
759 997 843 1054 modo
855 997 998 1072 corporali
1010 1003 1039 1054 et
1051 997 1203 1072 spirituali,

129 1084 186 1138 eto.
219 1079 299 1150 Dico,
333 1077 457 1152 Spiritus
487 1078 557 1146 Dec,
587 1076 654 1150 quia
675 1076 762 1133 etiam
784 1076 903 1151 spiritus
924 1083 977 1147 est,
1002 1098 1065 1135 esse
1086 1077 1203 1136 similes,

129 1161 203 1217 Tam
235 1159 342 1216 claram
373 1158 407 1215 de
430 1157 594 1232 Spiritibus,
616 1176 701 1230 quam
724 1157 759 1213 de
780 1157 927 1231 triangulo
948 1158 1078 1232 postulas
1099 1157 1203 1220 ideam.

130 1240 207 1314 quod
234 1237 409 1313 impossibile
438 1241 493 1294 est.
523 1236 576 1294 Dic
596 1237 675 1309 mihi,
698 1238 825 1308 obsecro,
848 1256 933 1310 quam
956 1238 991 1295 do
1012 1239 1073 1295 Deo
1095 1239 1204 1295 habeas

129 1320 235 1385 ideam,
257 1324 287 1376 ct
308 1338 345 1375 an
367 1338 402 1375 ea
422 1316 582 1375 intellectui
603 1320 653 1374 tuo
675 1317 746 1374 adeo
767 1317 805 1374 sit
827 1317 914 1387 clara,
930 1337 964 1374 ac
979 1317 1044 1375 idea
1056 1317 1203 1392 trianguli.

131 1399 196 1458 Scio
225 1403 254 1456 te
281 1418 339 1456 non
367 1399 482 1465 habere,
505 1395 629 1470 dixique,
652 1416 705 1454 nos
726 1400 785 1454 tam
807 1399 908 1454 beatos
929 1417 985 1454 non
1008 1417 1079 1466 esse,
1102 1402 1135 1455 ut
1156 1418 1205 1455 res

129 1478 350 1556 probationibus
372 1476 607 1535 demonstrativis
622 1476 821 1551 percipiamus,
834 1481 863 1534 et
874 1478 1042 1552 plerumque
1055 1477 1204 1551 probabile

130 1561 162 1617 in
201 1561 255 1616 hoc
286 1558 391 1615 mundo
422 1559 592 1632 praevalere.
624 1557 744 1614 Affirmo
776 1556 969 1629 nihilominus,
1002 1558 1086 1632 quod,
1119 1557 1205 1616 sicuti

131 1659 236 1714 corpus
257 1638 318 1696 sine
339 1637 484 1705 memoria,
507 1642 571 1706 etc,
594 1637 636 1694 ita
657 1637 744 1694 etiam
765 1637 911 1707 memoria,
927 1642 980 1696 etc.
997 1638 1059 1695 sine
1072 1658 1203 1712 corpore,

132 1720 274 1796 quodque,
296 1718 381 1776 sicuti
402 1718 525 1776 circulus
546 1717 608 1774 sine
629 1718 723 1791 globo,
746 1717 787 1775 sic
808 1717 895 1775 etiam
908 1718 1011 1792 globus
1022 1718 1083 1776 sine
1095 1719 1204 1776 circulo

131 1800 240 1857 existit.
263 1799 317 1856 Sed
339 1799 394 1856 hoc
415 1804 460 1856 est
480 1801 517 1856 ab
531 1797 783 1855 universalissimis
795 1799 950 1871 generibus
963 1799 999 1856 ad
1013 1798 1205 1873 particulares

132 1879 243 1955 species
270 1879 452 1947 descendere,
482 1878 516 1935 de
538 1878 640 1952 quibus
661 1878 715 1935 hoc
735 1877 918 1935 ratiocinium
940 1898 997 1936 non
1019 1878 1202 1952 intelligitur.

131 1960 213 2031 Dico,
236 1959 311 2034 quod
333 1959 381 2016 Sol
401 1958 439 2016 sit
459 1958 558 2016 mundi
579 1963 718 2027 centrum,
741 1958 874 2032 quodque
895 1959 986 2016 stellae
1008 1959 1073 2016 fixae
1087 1958 1202 2032 longius

132 2061 151 2098 a
182 2043 261 2097 terra
287 2039 402 2106 distent,
432 2058 517 2113 quarn
540 2038 691 2108 Saturnus,
713 2041 743 2094 et
764 2037 810 2094 hic
831 2037 946 2112 longius
967 2058 1052 2112 quam
1075 2039 1200 2113 Jupiter,

133 2119 237 2194 hicque
258 2119 373 2193 longius
394 2138 479 2193 quam
501 2118 596 2187 Mars3
620 2118 691 2175 adeo
713 2117 795 2175 utin
816 2116 966 2176 indefinito
984 2129 1055 2176 aare
1070 2119 1202 2192 quaedam

134 2199 290 2257 remotiora
311 2220 328 2256 a
348 2199 439 2268 nobis,
462 2202 491 2255 et
513 2198 645 2272 quaedam
666 2197 748 2255 nobis
767 2197 975 2273 propinquiora
995 2198 1062 2268 sint,
1075 2218 1137 2272 quae
1150 2218 1205 2256 nos

135 2279 240 2338 altiora
261 2279 307 2336 vel
327 2278 464 2337 inferiora
485 2278 675 2336 nominamus

175 2359 208 2428 li,
231 2359 282 2434 qui
302 2359 365 2417 dari
386 2358 510 2433 Spiritus
531 2358 696 2430 defendunt,
719 2357 909 2433 Philosophos
930 2363 1015 2417 extra
1035 2359 1121 2416 fidem
1146 2378 1207 2416 non

134 2440 285 2509 collocant,
311 2439 361 2497 sed
383 2438 506 2514 quidem,
529 2437 578 2512 qui
598 2457 647 2496 eos
667 2442 791 2512 negant,
815 2438 882 2514 quia
903 2458 1002 2496 omnes
1023 2437 1204 2513 Philosophi,

133 2525 195 2577 tam
207 2519 317 2593 antiqui
329 2539 414 2594 quam
426 2518 564 2588 moderni,
577 2538 607 2576 se
619 2516 774 2590 convictos,
792 2518 917 2594 Spiritus
929 2519 1000 2589 dari,
1015 2518 1205 2578 arbitrantur.

134 2600 310 2658 Plutarchus
330 2599 416 2673 hujus
437 2598 478 2656 rei
500 2598 583 2656 testis
604 2602 648 2656 est
668 2598 699 2656 in
719 2599 904 2675 Tractatibus
918 2600 953 2656 de
965 2599 1206 2674 Philosophorum

134 2679 296 2745 sententiis,
319 2683 348 2736 et
369 2680 404 2736 de
426 2679 553 2736 Socratis
574 2678 674 2753 genio:
698 2683 844 2738 testantur
865 2699 977 2754 quoque
997 2698 1095 2737 omnes
1107 2679 1206 2749 Stoici,

134 2759 333 2835 Pythagorici,
346 2759 506 2829 Platonici,
520 2758 714 2834 Peripatetici,
726 2759 921 2835 Empedocles
934 2760 1080 2818 Maximus
1091 2760 1206 2835 Tyrius,

133 2840 285 2915 ApulejuS,
309 2839 421 2914 aliique.
443 2841 489 2896 Ex
511 2839 654 2897 modernis
676 2859 759 2898 nemo
775 2840 895 2915 S'pectra
907 2844 1005 2914 negat.
1027 2840 1124 2915 Rejice
1136 2860 1208 2914 ergo

134 2926 180 2978 tot
210 2920 356 2995 sapientes
388 2920 518 2977 oculatos
551 2924 580 2976 et
612 2918 721 2976 auritos
753 2924 852 2989 testes,
874 2924 918 2977 tot
940 2920 1139 2994 Philosophos,
1161 2925 1207 2977 tot

134 2999 297 3069 historicos,
320 2999 390 3057 talia
411 3004 580 3069 narrantes;
603 2999 714 3056 affirma
735 3019 784 3057 eos
806 3019 905 3057 omnes
926 3020 990 3057 cum
1001 3000 1088 3074 vulgo
1101 3000 1207 3058 stultos

134 3101 170 3139 ac
201 3080 318 3137 insanos
347 3099 425 3151 esse;
455 3079 522 3137 licet
547 3084 605 3137 tuae
627 3079 830 3153 responsiones
850 3099 909 3137 non
929 3080 1132 3154 persuadeant,
1154 3081 1204 3137 sed

133 3160 249 3235 quidem
282 3160 413 3218 absurdae
445 3159 512 3230 sint,
544 3165 574 3217 et
604 3159 710 3234 passim
732 3179 850 3234 scopum
870 3164 977 3218 nostrae
998 3158 1204 3218 controversiae

134 3260 194 3299 non
221 3240 378 3314 attingant,
400 3259 494 3314 neque
515 3244 547 3296 tu
568 3240 655 3297 ullam
677 3239 789 3313 quidem
810 3239 1017 3314 probationem,
1040 3260 1103 3314 quae
1123 3244 1204 3296 tuam
1299 3276 1302 3281 -

134 3320 286 3379 confirmet
313 3319 495 3389 sententiam,
524 3320 663 3394 proferas.
686 3319 781 3378 Gaesar
802 3340 867 3377 cum
888 3319 1024 3378 Cicerone
1045 3323 1075 3377 ct
1095 3319 1205 3377 (latone

136 3421 197 3458 non
218 3400 292 3458 ridet
314 3401 442 3475 Spectra,
465 3400 515 3458 sed
537 3399 633 3457 omina
653 3404 683 3457 et
703 3399 862 3474 praesagia;
885 3404 915 3458 et
934 3405 1041 3471 tamen,
1064 3398 1088 3456 si
1105 3399 1206 3470 eodie,

137 3501 195 3556 quo
215 3480 362 3550 interibat,
378 3479 532 3555 Spurinam
546 3500 605 3538 non
614 3479 760 3551 illusisset,
771 3480 861 3555 ipsius
873 3481 972 3538 hostes
983 3484 1027 3538 tot
1039 3479 1208 3538 vulneribus

135 3581 201 3618 eum
223 3580 282 3618 non
303 3561 507 3618 confodissent.
531 3560 586 3618 Sed
608 3561 671 3618 haec
691 3562 747 3619 hac
768 3560 831 3618 vice
853 3560 1007 3631 sufficiant,
1029 3565 1084 3620 etc.
