2662 4298
163 321 181 377 4
613 334 780 374 raacrarus

163 527 249 583 quam
270 505 317 565 hic
337 505 403 563 finis
424 504 524 579 exigit,
546 508 576 562 et
596 504 737 579 quomodo
757 504 835 561 hunc
855 503 973 578 optimae
986 504 1151 580 reipublicae
1166 508 1229 566 fun·

162 589 297 646 demente
328 590 495 661 sequantur,
515 588 545 641 et
564 585 638 645 ratio
659 583 778 641 vivendi
798 583 875 642 inter
895 584 1035 660 homines,
1057 587 1094 644 ad
1115 587 1230 646 univer·

161 669 249 726 salem
270 665 402 724 Ethicam
422 665 557 740 pertinet.
579 664 635 722 Hic
655 684 714 722 non
734 663 790 721 uisi
811 664 846 722 de
867 664 931 739 lege
952 665 1050 723 divina
1070 666 1101 724 in
1122 687 1230 742 genere

161 767 281 824 pergam
302 765 398 820 agere.

201 827 273 888 Oum
303 827 401 902 itaque
429 845 510 884 amor
537 824 591 882 Dei
612 844 724 883 summa
744 824 868 882 hominis
888 825 1010 884 felicitas
1031 826 1069 884 sit
1090 831 1119 885 et
1139 829 1228 886 beati·

161 909 241 977 tudo,
262 912 293 965 et
313 907 379 964 finis
399 906 517 964 ultimus
537 909 567 962 et
588 924 691 980 scopus
712 905 839 962 omnium
860 906 1050 965 humanarum
1065 907 1227 981 actionum;

162 987 302 1064 sequitur,
334 1006 399 1045 curn
429 990 543 1044 tanturn
574 984 667 1059 legem
689 984 815 1043 divinam
836 986 924 1062 sequi,
947 986 997 1062 qui
1017 989 1109 1045 Deum
1131 1008 1229 1048 amare

161 1072 253 1138 curat,
285 1087 352 1145 non,
375 1086 413 1124 ex
436 1065 539 1124 timore
560 1064 700 1140 supplicii,
723 1085 815 1140 neque
836 1086 896 1141 prae
917 1087 1015 1125 amore
1035 1067 1155 1127 alterius
1175 1069 1228 1138 rei,

161 1153 194 1207 ut
225 1147 400 1217 deliciarum,
432 1147 528 1221 famae,
556 1149 621 1216 etc,
650 1145 700 1203 sed
722 1165 813 1204 exeo
835 1147 903 1212 solo,
927 1148 1002 1221 quod
1022 1149 1114 1206 Deum
1136 1149 1226 1221 novit,
1304 1202 1308 1209 .

160 1220 222 1287 sive
252 1229 327 1303 quod
358 1226 448 1298 novit,
480 1227 535 1284 Dei
565 1225 758 1300 cognitionem
790 1231 819 1284 et
847 1246 973 1285 amorem
1002 1248 1143 1287 summum
1164 1248 1228 1288 esse

160 1312 275 1368 bonum.
307 1307 394 1383 Legis
424 1307 515 1382 igitur
539 1306 644 1365 divinae
666 1326 777 1364 summa
798 1307 917 1383 ejusque
938 1327 1080 1366 summum
1099 1328 1227 1385 praecep·

160 1393 222 1449 tum
252 1393 305 1461 est,
337 1389 429 1446 Deum
459 1392 493 1445 ut
524 1406 665 1444 summum
696 1389 803 1446 bonum
833 1407 949 1458 amare;
980 1408 1092 1464 nempe,
1114 1395 1148 1447 ut
1166 1390 1227 1465 jam

160 1469 293 1539 diximus,
327 1488 386 1526 non
417 1488 455 1526 ex
484 1472 563 1525 metu
593 1467 714 1542 alicujus
745 1466 876 1542 supplicii
907 1473 936 1526 et
963 1488 1064 1544 poena,
1093 1489 1147 1528 nec
1166 1490 1228 1546 prae

161 1569 258 1608 amore
289 1548 409 1606 alterius
438 1547 490 1618 rei,
512 1566 569 1624 qua
590 1547 726 1605 delectari
746 1548 895 1622 cupimus3
917 1549 972 1606 hoc
992 1548 1068 1606 enirn
1088 1549 1154 1608 idea
1174 1550 1229 1609 Dei

160 1629 260 1701 dictat,
293 1630 385 1687 Deum
416 1647 557 1686 summurn
579 1646 641 1685 esse
662 1632 793 1685 nostrum
813 1629 929 1699 bonum,
951 1628 1012 1687 sive
1033 1628 1087 1687 Dei
1108 1630 1227 1705 cogniti·

161 1729 244 1768 onem
265 1713 295 1767 et
315 1728 441 1767 amorem
461 1709 548 1766 finem
569 1727 631 1765 esse
652 1707 792 1778 ultimum,
815 1709 852 1765 ad
873 1728 958 1784 quem
979 1729 1078 1767 omnes
1099 1711 1229 1769 actiones

160 1794 268 1848 nostrae
300 1793 368 1847 sunt
399 1788 567 1863 dirigendae.
597 1789 690 1846 Homo
718 1791 816 1846 tamen
837 1789 962 1847 carnalis
982 1790 1045 1848 haec
1064 1789 1227 1866 intelligere

159 1870 268 1946 nequit,
303 1873 332 1927 et
362 1869 417 1945 ipsi
448 1888 525 1926 vana
556 1867 700 1937 videntur,
723 1868 790 1943 quia
811 1867 896 1927 nimis
914 1870 1043 1945 jejunam
1064 1869 1118 1928 Dei
1138 1872 1228 1930 habet

159 1950 363 2025 cognitionem,
395 1953 425 2007 et
446 1948 532 2006 etiam
554 1948 622 2024 quia
642 1948 672 2005 in
693 1949 748 2006 hoc
769 1969 878 2007 summo
899 1951 974 2007 bono
995 1950 1068 2008 nihil
1087 1951 1224 2026 repperit,

160 2031 235 2106 quod
266 2031 374 2105 palpet,
402 2029 542 2102 comedat,
564 2033 615 2086 aut
636 2028 757 2102 denique
779 2030 854 2104 quod
876 2049 1000 2102 carnem,
1023 2050 1080 2106 qua
1100 2031 1227 2090 maxime

160 2112 328 2181 delectatur,
361 2110 477 2180 afficiat,
509 2113 611 2183 utpote
642 2109 716 2183 quod
743 2109 774 2167 in
802 2110 863 2167 sola
887 2111 1082 2184 speculatione
1103 2117 1132 2169 et
1153 2132 1228 2187 pura.

77 2260 80 2269 Ι
160 2196 256 2250 mente
289 2190 429 2250 consistit.
462 2192 503 2248 At
533 2189 563 2259 ii,
585 2189 634 2264 qui
654 2194 770 2261 norunt,
793 2209 823 2248 se
844 2189 915 2247 nihil
935 2190 1084 2250 intellectu
1105 2197 1134 2249 et
1155 2212 1227 2250 sana

158 2276 254 2330 mente
275 2271 463 2347 praestantius
483 2272 598 2343 habere,
614 2271 678 2328 haec
692 2269 754 2327 sine
768 2270 853 2328 dubio
865 2270 1037 2329 solidissima
1045 2272 1225 2347 judicabunt.

158 2353 356 2427 Explicuimus
386 2352 495 2426 itaque,
516 2351 547 2408 in
569 2370 623 2425 quo
645 2350 825 2425 potissimum
846 2350 895 2408 lex
916 2351 1014 2409 divina
1035 2351 1174 2420 consistit,
1197 2357 1228 2411 et

160 2453 292 2508 quaenam
325 2432 383 2490 sint
413 2432 493 2505 leges
523 2431 674 2500 humanae;
706 2449 809 2505 nempe
837 2450 936 2488 omnes
963 2432 1029 2503 illae,
1052 2452 1117 2507 quae
1139 2433 1225 2491 alium

160 2532 278 2587 scopum
300 2512 461 2580 collimant;
483 2510 539 2567 nisi
560 2529 597 2567 ex
618 2509 794 2568 revelatione
815 2511 933 2570 sancitae
954 2512 1070 2582 fuerint,
1092 2532 1159 2570 nam
1170 2515 1227 2571 hac

160 2593 245 2651 etiam
279 2591 508 2650 consideratione
529 2609 576 2647 res
598 2591 634 2647 ad
656 2591 748 2648 Deum
769 2592 935 2649 referuntur
956 2593 1000 2665 (ut
1021 2612 1109 2668 supra
1130 2597 1225 2651 osten-

160 2672 274 2744 dimus),
308 2677 338 2730 et
369 2673 423 2730 hoc
444 2689 531 2728 sensu
551 2671 598 2727 lex
620 2669 718 2740 MosiS,
741 2671 872 2745 quamvis
893 2692 950 2730 non
972 2672 1152 2743 universalis,
1174 2675 1224 2732 sed

159 2752 284 2811 maxime
306 2753 343 2810 ad
363 2751 511 2826 ingenium
532 2755 561 2808 et
582 2750 758 2824 singularem
772 2752 1020 2810 conservationem
1031 2753 1117 2811 unius
1127 2754 1227 2829 populi

161 2834 377 2892 accommodata
407 2831 503 2900 fuerit,
536 2831 632 2888 vocari
664 2835 761 2888 tamen
791 2836 888 2906 potest
913 2832 975 2890 Lex
995 2833 1058 2904 Dei,
1081 2833 1142 2891 sive
1163 2835 1226 2892 Lex

160 2913 273 2984 divina;
297 2912 526 2988 quandoquidem
548 2911 698 2982 credimus
713 2931 776 2969 eam
786 2912 893 2970 lumine
905 2914 1072 2988 prophetico
1084 2914 1224 2972 sancitam

160 2993 258 3052 fuisse.
282 2992 310 3051 Si
329 2994 390 3069 jam
410 2993 447 3051 ad
468 2996 601 3050 naturam
622 2991 695 3066 legis
716 2991 822 3050 divinae
844 2994 993 3062 naturalia,
1015 2999 1047 3051 ut
1068 3014 1130 3052 eam
1141 2995 1227 3052 modo

159 3073 357 3149 explicuimus,
390 3073 582 3142 attendamus,
612 3072 781 3143 videbimus,
809 3074 833 3130 l.
856 3093 918 3131 eam
940 3093 1002 3131 esse
1024 3074 1226 3142 universalem,

158 3154 220 3213 sive
252 3154 384 3212 omnibus
416 3152 578 3211 hominibus
610 3172 802 3224 communem;
833 3172 895 3211 eam
916 3153 991 3210 enim
1012 3173 1049 3211 ex
1070 3154 1228 3213 universali

159 3236 286 3294 humana
306 3238 412 3293 natura
433 3232 619 3303 deduximus3
641 3233 681 3291 ll.
704 3253 765 3290 eam
788 3253 846 3291 non
867 3233 984 3307 exigere
1005 3235 1090 3292 fidem
1111 3234 1225 3292 histori-

159 3335 250 3385 arum,
279 3334 459 3389 quaecunque
479 3314 593 3371 demum
615 3333 655 3371 ece
675 3313 800 3383 fuerint;
822 3334 889 3371 nam
911 3315 1140 3390 quandoquidem
1160 3316 1227 3374 haee

158 3395 221 3453 Lex
253 3394 351 3452 divina
382 3393 523 3453 naturalis
555 3413 592 3451 ex
619 3395 680 3451 sola
707 3393 935 3452 consideratione
957 3395 1089 3453 humanae
1111 3403 1224 3453 naturae

157 3473 347 3548 intelligatur,
381 3478 491 3533 certum
523 3480 575 3543 est,
607 3494 659 3530 nos
691 3493 753 3531 eam
784 3494 865 3549 aeque
897 3474 1047 3550 concipere
1078 3495 1163 3550 posse
1193 3475 1225 3533 in
1299 3470 1305 3475 ⁵

158 3554 279 3623 Adamo,
312 3574 346 3612 ac
367 3554 422 3613 alio
444 3574 614 3630 quocunque
635 3554 765 3623 homine;
789 3574 871 3630 aeque
892 3554 922 3612 in
943 3555 1058 3613 homine
1079 3555 1128 3630 qui
1148 3555 1225 3614 inter

158 3634 288 3693 homines
320 3634 401 3706 vivit,
435 3655 469 3693 ac
499 3634 529 3691 in
561 3633 683 3705 homine,
713 3633 762 3709 qui
782 3635 940 3693 solitariam
961 3635 1052 3693 vitam
1074 3636 1143 3710 agit.
1166 3636 1226 3694 Nee

157 3715 229 3774 fides
262 3714 457 3784 historiarum,
490 3714 675 3789 quantumvis
702 3720 790 3785 certa,
812 3714 864 3773 Dei
887 3716 1088 3790 cognitionem,
1110 3721 1140 3774 et
1161 3736 1225 3774 con-

158 3800 312 3872 sequenter
344 3815 397 3853 neo
429 3795 515 3853 etiam
547 3793 600 3852 Dei
632 3814 757 3853 amorem
789 3795 871 3854 nobis
904 3798 973 3854 dare
1003 3800 1117 3872 potest;
1145 3817 1227 3855 amor
