2662 4298
481 351 619 390 arrsrons
640 351 711 389 11111.
1078 334 1136 393 345

11 562 15 567 .
45 517 168 593 -quibus
195 516 347 592 imperium
376 522 405 575 61
433 517 591 576 auctoritas
618 517 803 576 ferendarum
824 518 921 592 legum
943 518 1058 594 sejungi
1079 540 1138 578 non

10 615 19 652 :
62 601 169 673 potest,
191 596 416 665 introduxerint,
439 599 514 672 quod
535 597 715 672 singulorum
736 596 864 670 arbitrio,
888 597 1138 672 quidhominibus

10 697 20 733 .·
63 678 93 735 in
120 677 204 736 civile
228 697 333 753 corpus
355 677 582 736 coalescentibus
603 677 667 736 usui
689 682 774 748 esset,
796 677 926 752 permitti
947 699 1005 737 non
1026 680 1136 748 debuit,

10 780 17 791 ’
57 758 112 816 sed
133 757 343 832 imperantibus
364 758 501 828 concedi;
516 758 582 816 inde
597 759 689 816 Actor
704 757 810 832 arguit,
826 777 915 832 penes
928 759 1136 834 Magistratum

11 862 18 898 .·
55 838 107 913 jus
128 857 191 896 esse
212 837 370 907 statuendi,
394 838 491 914 qualia
512 843 542 896 et
563 858 625 912 quae
647 838 785 911 dogmata
804 837 835 895 in
850 839 1008 913 Republica
1021 839 1137 915 publice

14 958 16 963 -
63 917 160 975 doceri
188 918 321 988 debeant,
352 922 382 975 61
409 918 590 976 subditorum
617 917 743 976 officium
771 937 843 988 esse,
872 919 908 976 ad
930 919 1136 994 professionem

10 1050 14 1061 ,
59 1002 215 1056 externam
244 998 320 1073 quod
342 998 457 1069 attinet,
479 1018 543 1056 sese
563 1003 725 1074 temperare
747 1017 764 1056 a
785 998 921 1056 docendis
942 999 1135 1074 dogmatibus,

11 1106 13 1113 ·
59 1083 92 1135 61
113 1080 150 1136 ab
170 1077 206 1135 iis
220 1077 398 1153 profitendis,
414 1079 449 1136 de
465 1078 569 1153 quibus
583 1078 696 1154 publice
711 1078 852 1136 silendum
867 1097 930 1137 esse
944 1080 1138 1154 Magistratus

61 1157 176 1232 legibus
203 1157 317 1230 sanxit;
348 1157 416 1234 quia
443 1160 523 1216 Deus
551 1160 605 1218 hoc
634 1178 692 1217 non
713 1157 808 1232 magis
828 1158 1010 1233 privatorum
1028 1160 1140 1234 judicio

60 1237 201 1313 permisit,
241 1258 326 1313 quarn
360 1238 461 1296 iisdem
496 1239 648 1310 concessit,
684 1243 785 1297 contra
820 1257 921 1297 sensus
956 1244 986 1297 61
1020 1240 1137 1299 decreta

62 1317 256 1392 Magistratus
284 1327 335 1376 aut
361 1318 535 1377 sententiam
557 1319 687 1395 judicum
708 1339 743 1376 ea
763 1338 860 1391 agere,
883 1318 988 1394 quibus
1009 1320 1136 1379 eluditur

61 1397 108 1455 vis
129 1398 235 1473 legum,
258 1403 287 1457 et
308 1399 488 1457 frustrantur
508 1419 560 1458 suo
583 1401 640 1457 fine
661 1399 862 1473 Magistratus.
883 1399 1040 1458 Existimat
1061 1400 1136 1458 enim

61 1479 177 1536 Auctor
197 1479 232 1536 de
254 1479 419 1553 hujusmodi
439 1482 536 1553 rebus,
559 1481 667 1538 cultum
690 1484 842 1538 externum
864 1480 982 1555 ejusque
1003 1480 1137 1555 professi·

59 1578 147 1616 onem
186 1559 397 1634 spectantibus,
436 1559 567 1618 homines
604 1559 711 1636 pacisci
742 1579 835 1636 posse,
868 1565 898 1617 et
929 1564 1012 1619 actus
1043 1561 1138 1619 cultus
1255 1568 1259 1577 '

61 1638 163 1696 Divini
188 1644 327 1697 externos
354 1643 414 1698 tarn
443 1643 506 1699 tuto
539 1639 679 1699 committi
703 1640 894 1715 Magistratus
911 1640 1029 1715 judicio,
1052 1660 1138 1715 quam

62 1719 155 1776 eidem
188 1719 355 1778 conceditur
382 1720 432 1795 jus
461 1724 493 1779 et
518 1725 648 1796 potestas
677 1719 841 1779 aestimandi
868 1719 1002 1795 injuriam
1024 1720 1138 1779 civitati

63 1799 183 1870 illatam,
215 1800 393 1875 eandemque
422 1820 474 1876 per
502 1801 562 1859 vim
590 1800 764 1860 vindicandi.
793 1800 875 1866 Nam,
898 1802 1136 1875 quemadmodum

62 1879 195 1954 privatus
225 1899 284 1938 non
312 1884 429 1938 tenetur
456 1901 540 1939 suum
566 1881 705 1956 judicium
733 1881 768 1940 de
796 1880 878 1939 illata
898 1880 1004 1956 injuria
1025 1881 1095 1938 civit
1114 1881 1138 1939 ti

59 1960 282 2019 accommodare
321 1961 357 2018 ad
391 1960 531 2035 judicium
562 1961 763 2036 Magistratus,
796 1961 847 2018 sed
878 1980 930 2019 suo
962 1980 1048 2019 sensu
1079 1961 1138 2019 frui

63 2044 163 2097 tamen
184 2039 284 2116 possit,
307 2041 438 2115 quamvis
460 2041 496 2115 (si
517 2061 565 2099 res
584 2041 627 2099 ita
641 2043 728 2113 ferat)
743 2043 878 2098 teneatur
892 2041 928 2098 ad
943 2040 1136 2114 Magistratus

63 2120 240 2178 sententiam
262 2119 426 2179 executioni
446 2122 640 2179 mandandam
661 2121 749 2180 etiam
764 2140 881 2195 operam
895 2140 977 2178 suam
991 2121 1137 2191 conferre;

64 2199 107 2258 ita
128 2201 245 2259 'Auctor
272 2201 442 2272 arbitratur,
470 2201 651 2277 privatorum
671 2201 702 2259 in
723 2199 882 2276 Republica
902 2204 1001 2276 partes
1021 2200 1137 2276 quidem

65 2299 137 2351 esse,
167 2280 297 2355 judicare
329 2282 364 2340 116
396 2283 521 2340 veritate
553 2287 584 2350 et
614 2282 751 2351 falsitate,
783 2285 816 2338 ut
843 2285 873 2338 61
901 2281 936 2338 de
964 2280 1137 2339 necessitate

65 2360 187 2435 alicujus
215 2361 368 2436 dogmatis,
397 2381 490 2436 neque
518 2361 665 2437 privatum
693 2361 806 2436 legibus
834 2360 962 2418 civitatis
994 2360 1137 2435 adstringi

65 2460 158 2515 posse,
188 2446 220 2499 111
247 2442 322 2500 idem
344 2442 379 2500 de
400 2441 540 2517 religione
561 2441 684 2514 seutiat3
707 2440 840 2517 quamvis
860 2460 897 2498 ex
916 2440 1023 2516 judicio
1044 2441 1136 2516 Magi·

63 2525 175 2579 stratus
211 2524 345 2596 pendeat,
381 2542 445 2597 quae
478 2523 615 2597 dogmata
645 2523 758 2599 publice
789 2520 909 2597 proponi
941 2522 1074 2592 debeant,
1106 2526 1136 2579 et

64 2601 245 2675 privatorum
267 2602 391 2661 officium
412 2602 459 2672 sit,
482 2622 583 2661 sensus
604 2622 672 2662 suos
693 2603 728 2662 de
749 2601 889 2677 religione
911 2601 1136 2676 aMagistratus

64 2681 210 2740 sententia
231 2682 434 2741 dissentientes
454 2682 569 2742 silentio
589 2703 728 2758 premere,
751 2701 843 2757 neque
864 2681 1016 2758 quicquam
1038 2682 1136 2758 hujus·

64 2761 141 2819 modi
169 2782 264 2837 agere,
294 2783 350 2839 quo
377 2764 456 2838 leges
484 2763 519 2822 de
547 2764 626 2823 cultu
652 2764 868 2838 aMagistratu
889 2761 1054 2822 constitutae
1075 2762 1135 2820 vim

65 2861 149 2900 suam
171 2843 302 2901 obtinere
322 2863 381 2901 non
401 2842 523 2918 possint.

105 2923 155 2990 At,
178 2923 246 2996 quia
266 2922 384 2981 evenire
404 2927 509 2998 potest,
531 2928 564 2982 ut
584 2924 785 2998 Magistratus,
808 2922 982 2981 dissentiens
1002 2943 1020 2980 a
1038 2921 1137 2979 multis

63 3022 103 3060 ex
129 3003 212 3077 plebe
239 3002 269 3060 in
296 3002 445 3078 religionis
472 3003 624 3079 capitibus,
647 3005 780 3080 quaedam
802 3003 915 3079 publice
937 3001 1032 3060 doceri
1054 3000 1134 3071 velit,

64 3102 130 3156 quae
152 3101 170 3140 a
188 3082 295 3158 judicio
316 3082 409 3159 plebis
422 3083 517 3142 aliena
531 3087 608 3156 sunt,
624 3089 653 3142 et
668 3084 861 3159 Magistratus
874 3087 972 3141 tamen
987 3080 1136 3140 existimat

65 3162 183 3220 honoris
210 3162 301 3222 divini
327 3164 475 3234 interesse,
506 3165 602 3240 palam
629 3164 660 3222 in
688 3184 741 3222 sua
762 3162 920 3238 Republica
940 3161 1042 3220 talium
1064 3160 1135 3235 dog-

64 3247 174 3300 matum
195 3243 403 3319 professionem
423 3244 501 3315 fieri3
523 3243 597 3302 vidit
617 3245 737 3315 Auctor,
760 3262 910 3319 superesse
926 3241 1004 3300 illam
1019 3240 1137 3299 difficul-

64 3328 164 3396 tatem,
195 3344 252 3398 qua
280 3323 406 3395 civibus,¹
427 3329 548 3401 propter
572 3323 710 3399 judicium
739 3323 931 3399 Magistratus
952 3321 1137 3380 diversuma

63 3403 156 3478 plebis
193 3404 311 3479 judicio,
351 3403 443 3462 creari
479 3409 579 3480 posset
617 3405 753 3462 damnum
790 3403 956 3461 maximum.
995 3402 1064 3459 ldeo
1099 3401 1136 3458 ad

64 3485 277 3558 praecedentem
305 3484 447 3543 rationem
478 3484 566 3543 etiam
587 3485 663 3542 hanc
684 3485 805 3542 alteram
826 3483 906 3541 addit
926 3482 1047 3550 Auctor,
1071 3500 1136 3556 quae

63 3563 149 3621 simul
176 3570 206 3623 et
233 3565 426 3640 Magistratus
453 3569 540 3640 atque
561 3564 742 3622 subditorum
762 3563 888 3622 animum
908 3562 1085 3637 tranquillet,
1108 3565 1138 3619 et

65 3643 228 3702 libertatem
256 3645 287 3703 in
315 3644 454 3720 religione
475 3649 584 3703 sartam
605 3649 712 3702 tectam
733 3646 893 3703 conservet.
915 3643 1025 3718 Nempe
1046 3641 1137 3715 Magi·

64 3728 189 3783 stratum
210 3745 270 3784 non
291 3726 394 3784 debere
416 3725 510 3784 vereri
530 3723 585 3783 Dei
605 3724 687 3798 iram,
710 3723 842 3799 quamvis
859 3743 951 3799 prava
965 3742 1017 3780 suo
1029 3721 1136 3797 judicio

66 3823 150 3861 sacra
169 3804 200 3862 in
220 3825 273 3864 sua
293 3805 450 3881 Republica
471 3805 534 3864 fieri
554 3804 640 3877 sinat,
662 3806 746 3864 modo
767 3805 816 3863 illa
838 3824 896 3863 non
916 3806 1049 3879 pugnent
1070 3821 1136 3860 cum
