2662 4298
552 357 694 396 urrerem
711 357 778 396 axv.
1143 339 1201 397 393

130 522 236 581 deduci
265 522 336 580 mihi
368 523 490 595 videtur,
521 525 597 583 forte
628 544 686 582 non
717 523 803 581 aliam
824 525 860 582 ob
881 542 1007 592 eausam,
1029 543 1114 598 quam
1135 523 1202 598 quia

131 623 249 661 sensum
281 603 368 678 hujus
399 604 505 662 Scholii
530 624 589 662 non
610 603 682 663 satis
702 608 780 662 recte
800 603 935 678 percipio.
958 602 1099 662 Constitui
1121 623 1201 678 ergo,

129 684 199 741 haec
220 703 277 758 qua
298 683 410 742 ratione
432 684 579 752 deducam,
603 703 756 759 exponere,
779 688 816 754 te,
838 683 892 741 Vir
913 683 953 742 01.
969 683 1074 742 obnixe
1085 703 1201 758 rogans,

128 768 166 821 ut
196 763 266 821 mihi
297 764 377 835 velis,
409 764 571 840 ubicunque
603 784 719 822 sensum
748 769 830 821 tuum
861 783 920 822 non
952 769 1030 822 recte
1052 783 1201 838 assequor,

128 843 218 902 solita
248 848 299 901 tua
331 845 511 903 humanitate
539 864 715 903 succurrere.
746 845 789 902 Ea
819 842 916 902 autem
937 843 978 902 sic
998 863 1061 902 sese
1082 844 1199 902 habent.

131 923 224 994 Quod,
256 923 324 982 licet
353 924 420 982 inde
452 925 592 1000 colligam,
624 925 761 982 mundum
793 923 893 998 utique
923 923 1039 982 unicum
1070 943 1141 991 esse,
1172 924 1201 981 id

128 1008 230 1061 tamen
261 1004 365 1063 exinde
395 1025 455 1063 non
479 1005 573 1064 minus
594 1025 707 1080 quoque
728 1005 837 1062 clarum
858 1009 912 1073 est,
934 1023 998 1062 eum
1019 1004 1113 1079 ipsum
1135 1004 1200 1062 infi-

130 1083 203 1141 nitis
233 1084 325 1142 modis
355 1105 533 1160 expressum,
566 1105 600 1143 ac
628 1085 747 1160 proinde
767 1104 997 1158 unamquamque
1017 1103 1077 1142 rem
1099 1084 1201 1158 singu-

127 1164 222 1222 larem
243 1163 363 1222 infinitis
384 1165 476 1223 modis
495 1185 662 1241 expressam
684 1184 755 1223 esse.
778 1164 861 1223 Unde
882 1163 998 1222 videtur
1018 1164 1108 1240 sequi,
1124 1165 1201 1239 quod

128 1243 308 1302 Modificatio
339 1245 397 1314 illa,
431 1266 494 1321 quae
525 1247 651 1304 Mentem
676 1264 769 1302 meam
790 1244 949 1315 constituit,
971 1264 1005 1302 ac
1025 1243 1201 1302 Modifioatio

128 1324 190 1394 illa,
213 1344 277 1398 quae
299 1325 409 1401 Corpus
429 1346 523 1384 meum
545 1325 689 1402 exprimit,
711 1325 779 1383 licet
799 1345 857 1383 una
878 1331 908 1382 et
932 1325 1032 1382 eadem
1053 1324 1091 1382 sit
1111 1324 1201 1382 Modi-

127 1404 237 1474 ficatio‚
270 1425 304 1463 ea
335 1410 432 1464 tamen
462 1406 583 1464 infinitis
613 1405 705 1464 modis
736 1405 774 1462 sit
798 1424 945 1479 expressa,
966 1425 1024 1463 uno
1045 1404 1128 1462 modo
1151 1424 1202 1479 per

127 1484 352 1559 Cogitationem,
384 1487 475 1544 altero
506 1507 559 1562 per
589 1484 805 1554 Extensionem,
836 1485 922 1543 tertio
953 1504 1005 1560 per
1029 1484 1201 1543 attributum

129 1565 187 1623 Dei
206 1565 278 1623 mihi
297 1565 485 1640 incognitum,
508 1572 594 1641 atque
616 1565 657 1624 sic
676 1585 763 1641 porro
784 1566 814 1623 in
834 1564 987 1632 infinitum,
1010 1565 1078 1640 quia
1087 1564 1202 1622 infinita

126 1645 239 1704 dantur
268 1646 421 1705 Attributa
453 1646 513 1714 Dei,
546 1653 575 1704 et
608 1646 685 1704 Ordo
717 1651 746 1704 et
778 1645 925 1704 Connexio
954 1645 1199 1703 Modificationum

129 1725 247 1784 videtur
267 1745 330 1784 esse
351 1727 450 1785 eadem
471 1727 502 1785 in
522 1726 664 1785 omnibus.
685 1726 762 1785 Hinc
780 1727 840 1802 jam
855 1725 984 1796 Quaestio
999 1725 1099 1796 oritur,
1111 1744 1200 1800 quare

128 1806 223 1876 Mens,
254 1826 319 1881 quae
351 1811 459 1865 certam
481 1807 722 1866 Modificationem
742 1810 940 1881 repraesentat,
963 1811 992 1864 et
1011 1825 1077 1881 quae
1099 1806 1199 1864 eadem

128 1885 306 1944 Modificatio
338 1906 396 1945 non
427 1889 518 1946 solum
539 1887 724 1956 Extensione,
746 1887 796 1944 sed
817 1885 938 1944 infinitis
957 1885 1022 1944 aliis
1042 1885 1134 1944 modis
1156 1890 1201 1944 est

129 1985 283 2041 expressa3
315 1987 413 2042 quare,
448 1967 574 2043 inquam,
610 1972 724 2025 tantum
758 1965 1002 2024 Modificationem
1035 1965 1112 2024 illam
1146 1985 1199 2040 per

128 2046 337 2105 Extensionem
367 2067 543 2123 expressam,
572 2049 626 2105 hoc
647 2052 699 2113 est.
722 2047 832 2122 Corpus
852 2047 1017 2113 humanum,
1040 2049 1070 2103 et
1090 2046 1198 2104 nullam

130 2126 218 2185 aliam
249 2127 461 2203 expressionem
490 2148 543 2204 per
574 2127 631 2185 alia
661 2127 803 2185 attributa
834 2125 982 2202 percipiat.
1007 2125 1063 2184 Sed
1084 2130 1197 2200 tempus

128 2205 201 2264 mihi
222 2227 280 2265 non
301 2208 451 2283 permittit,
473 2213 561 2267 ntea
582 2207 722 2283 prolixius
742 2227 915 2282 prosequar;
936 2207 1011 2264 forte
1032 2206 1093 2265 haec
1114 2204 1200 2264 dubia

123 2287 226 2346 omnia
247 2288 438 2348 crebrioribus
459 2288 697 2347 Meditationibus
717 2287 888 2345 eximentur.

156 2402 274 2459 Londini,
293 2403 329 2450 12.
346 2405 454 2462 August.
472 2404 539 2449 1675.

348 2709 593 2790 ¹Erlsroas
614 2709 709 2766 LXVI
729 2710 817 2783 (oum
835 2711 940 2783 uxum).

351 2898 353 2903 Α
390 2825 572 2884 Nobilisstmo
606 2845 639 2883 ac
659 2825 831 2883 Doctiseimo
871 2825 939 2882 Viro

286 2940 479 2999 EHRENFR.
515 2941 669 2999 WALTH.
691 2941 743 2997 DE
764 2939 1039 2998 TSOHIRNHAUS

595 3047 630 3105 B.
651 3066 679 3104 o.
702 3046 729 3106 S.

436 3155 591 3228 Responsio
612 3155 652 3211 ad
668 3155 886 3228 praecedentem.

245 3271 428 3328 Nobilissime
456 3271 517 3340 Vir,

167 3404 319 3474 Caeterum,
352 3404 388 3461 ad
421 3409 501 3460 tuam
527 3402 724 3478 Objectionem
744 3406 778 3459 ut
798 3400 995 3476 respondeam,
1017 3400 1090 3470 dico,
1112 3400 1197 3475 quod,

124 3483 260 3561 quamvis
290 3501 468 3558 unaquaeque
497 3503 545 3541 res
564 3481 685 3540 infinitis
705 3481 797 3540 modis
818 3500 955 3557 expressa
976 3479 1014 3538 sit
1034 3478 1064 3538 in
1084 3480 1198 3538 infinito

128 3565 182 3623 Dei
213 3564 370 3633 intellectu,
402 3563 459 3622 illae
491 3568 588 3621 tamen
619 3561 739 3621 infinitae
769 3561 852 3631 ideae,
884 3559 988 3635 quibus
1018 3559 1197 3636 exprimitur,

126 3665 215 3704 unam
247 3644 423 3718 eandemque
451 3643 493 3702 rei
522 3642 677 3718 singularis
697 3644 824 3700 Mentem
846 3640 1020 3699 constituere
1041 3646 1197 3716 nequeunt,

126 3726 179 3784 sed
199 3723 343 3784 infinitas:
366 3723 537 3800 quandoque
557 3742 739 3798 unaquaeque
760 3723 861 3780 harum
876 3720 1054 3778 infinitarum
1069 3719 1197 3779 idearum

124 3807 234 3864 nullam
256 3803 464 3864 connexionem
485 3803 607 3862 invicem
629 3805 746 3874 habent,
770 3802 851 3860 utin
873 3800 971 3860 eodem
987 3799 1100 3860 Soholio
1114 3820 1196 3876 prop.
