2662 4298
560 349 699 402 pararem
725 349 787 390 xxr.
1151 330 1232 390 281.

83 535 116 575 n
179 517 307 574 Transeo
339 536 416 575 nunc·
447 516 484 574 ad
516 516 673 575 secundam
704 520 785 574 tuam
805 515 957 591 Regulam,
980 535 1144 592 assemque,
1165 536 1210 575 me

101 621 115 656 r
133 595 254 674 quidem
275 596 400 668 credere,
423 597 499 673 quod
521 616 576 672 ego
597 616 661 655 eam
682 595 853 667 Veritatem,
878 615 964 671 quam
975 600 1009 655 tu
1019 595 1051 654 in
1061 596 1211 672 Scriptura

83 695 201 739 tressa
232 676 333 748 credis,
364 675 407 734 illi
438 696 497 735 non
527 676 663 747 tribuam,
695 680 725 735 et
756 680 855 735 tamen
879 676 973 745 eredo,
996 677 1073 752 quod
1093 696 1148 752 ego
1169 676 1209 735 illi

83 782 105 821 ι
132 760 262 826 tantum,
294 755 319 814 si
349 776 408 815 non
438 757 513 832 plus,
546 756 708 815 adscribam
740 755 942 828 authoritatis;
967 757 1101 833 quodque
1124 757 1211 832 louge
1273 799 1274 803 ,

92 866 108 904 ῃ
131 836 251 896 cautius
272 856 359 912 quam
380 836 428 895 alii
449 856 579 908 caveam,
601 856 638 895 ne
658 835 701 895 illi
720 835 845 912 pueriles
866 837 1051 912 quaedamst
1071 837 1211 896 absurdas

91 915 298 976 :sententias
329 917 476 992 effingam,
510 917 587 993 quod
618 936 702 975 nemo
734 921 875 992 praestare
902 921 1007 992 potest,
1030 916 1086 975 nisi
1106 917 1140 988 is,
1162 916 1211 993 qui

83 1030 91 1065 ι
131 996 353 1073 Philosophiam
386 998 459 1056 bene
489 996 637 1072 intelligit,
669 997 717 1055 vel
748 996 871 1055 Divinas
891 998 981 1056 habet
1001 997 1209 1070 revelationes;

83 1111 94 1147 Ξ
132 1077 210 1136 adeo
231 1082 264 1136 ut
284 1096 329 1136 me
349 1077 436 1136 valde
456 1096 557 1153 parum
579 1081 718 1136 moveant
740 1076 956 1152 explicationes,
978 1097 1051 1153 quas
1064 1077 1210 1152 Vulgaree

129 1157 280 1232 ·Theologi
300 1157 335 1215 de
356 1157 505 1233 Scriptura
526 1157 671 1227 adferunt,
692 1156 855 1233 prasertim
876 1156 901 1214 si
921 1156 1007 1216 istius
1027 1156 1086 1216 sint
1099 1157 1209 1231 farinae,
1291 1213 1293 1217 .

87 1304 90 1309 ,
131 1241 171 1296 ut
212 1237 389 1313 Scripturam
431 1256 545 1314 semper
571 1237 658 1313 juxta
690 1237 819 1296 litteram
851 1256 1025 1312 sensumque
1057 1242 1210 1296 externum

131 1321 270 1387 sumant;
306 1323 335 1376 et·
365 1337 523 1395 nunquam,
555 1322 664 1393 praeter
696 1317 873 1387 Socinianos,
904 1336 1032 1376 crassum
1057 1318 1129 1376 adeo
1150 1317 1209 1376 vidi

83 1437 86 1473 :
133 1398 325 1473 Theologum,
348 1398 397 1474 qui
411 1418 470 1457 non
484 1397 615 1474 percipit,
628 1398 746 1457 Sacram
758 1397 937 1473 Scripturam
948 1397 1120 1456 creberrime
1131 1417 1210 1456 more

134 1479 264 1537 humano
287 1478 322 1536 de
342 1479 403 1537 Deo
423 1478 510 1555 loqui,
533 1498 567 1537 ac
588 1498 671 1537 suum
692 1497 809 1536 sensum
829 1477 1169 1554 Parabolisexprimer03
1181 1481 1211 1536 et

133 1558 216 1635 quod
247 1559 283 1616 ad
305 1558 570 1632 contradictionem,
593 1578 679 1634 quam
699 1559 810 1617 frustra
831 1559 907 1632 (mea
928 1557 1042 1633 quidem
1063 1557 1209 1634 opinione)

133 1637 254 1698 conaris
285 1638 445 1710 ostendere,
474 1639 559 1698 credo
580 1643 610 1698 te
629 1659 682 1716 per
702 1638 875 1698 Parabolam
896 1637 1011 1697 omnino
1032 1637 1110 1697 aliud
1131 1637 1209 1714 quid,

133 1738 225 1795 quam
259 1719 344 1794 vulgo
375 1719 417 1790 fit,
448 1718 627 1794 intelligere:
659 1739 727 1778 nam
758 1718 823 1796 quis
844 1737 971 1795 unquam
992 1717 1112 1790 audivit,
1135 1737 1209 1789 eum,

134 1798 190 1876 qui
221 1818 288 1857 suos
319 1803 475 1874 conceptus
505 1799 651 1875 parabolis
679 1799 823 1875 exprimit,
845 1819 863 1858 a
884 1818 936 1857 suo
958 1818 1044 1858 sensu
1065 1800 1210 1857 aberrare.

136 1879 235 1949 Quum
266 1878 364 1937 Micha
394 1878 469 1954 Regi
499 1880 626 1955 Aghabo
658 1879 775 1951 diceret,
809 1899 840 1938 se
871 1880 962 1938 Deum
994 1879 1025 1938 in
1056 1878 1128 1938 solio
1159 1898 1211 1938 suo

135 1959 287 2018 sedentem
318 1958 434 2031 vidisse,
467 1979 502 2018 ac
534 1960 679 2019 exercitus
709 1960 841 2019 eoelestes
870 1978 888 2017 a
916 1960 1020 2018 dextra
1044 1963 1074 2017 et
1094 1958 1211 2017 sinistra

134 2044 261 2109 stantes,
283 2039 433 2117 Deumque
455 2060 490 2098 ex
510 2038 569 2098 illis
589 2059 727 2115 quaerere,
743 2039 875 2115 quisnam
886 2039 1043 2114 Aghabum
1055 2038 1210 2114 deciperet,

134 2119 209 2178 illud
232 2118 340 2198 {ipsum
371 2125 450 2179 certe
480 2124 543 2178 erat
574 2120 726 2192 Parabola,
759 2140 817 2195 qua
847 2120 995 2194 Propheta
1025 2118 1210 2194 praecipuum,

136 2199 215 2276 quod
243 2219 278 2258 ea
298 2199 447 2259 occasione
468 2203 546 2277 (quae
567 2220 626 2259 non
647 2204 719 2272 erat,
743 2204 776 2259 ut
797 2198 930 2258 sublimia
951 2198 1116 2273 Theologiae
1138 2199 1210 2274 dog·

136 2284 218 2338 mata
259 2280 386 2354 doceret)
418 2279 473 2339 Dei
503 2280 619 2339 nomine
651 2281 775 2340 debebat
806 2279 1001 2346 manifestare,
1034 2277 1210 2337 sufficienter

136 2359 339 2436 exprimebat3
371 2361 443 2419 adeo
475 2365 507 2419 ut
536 2361 615 2420 nullo
645 2362 730 2420 modo
761 2379 886 2419 asensu
907 2379 959 2418 suo
981 2361 1141 2418 aberraret.
1164 2358 1211 2417 Sic

137 2439 226 2499 etiam
247 2439 347 2499 caeteri
366 2441 520 2516 Prophetes
541 2441 596 2500 Dei
617 2444 737 2500 verbum
755 2441 839 2516 jussu
859 2439 914 2498 Dei
935 2459 970 2498 ea
980 2438 1092 2498 ratione
1104 2439 1210 2514 populo

137 2519 370 2593 manifestarunt,
401 2525 542 2597 tanquam
562 2520 671 2597 optimo
691 2520 794 2594 medio,
816 2541 875 2579 non
896 2539 966 2579 vero
987 2524 1127 2597 tanquam
1147 2519 1207 2590 illo,

138 2601 214 2676 quod
246 2601 325 2660 Deus
353 2604 483 2676 petebat,
503 2603 641 2678 populum
662 2602 699 2662 ad
720 2621 838 2677 scopum
859 2600 1017 2676 Scripturas
1038 2598 1207 2676 primarium

139 2681 271 2751 ducendi,
294 2680 343 2757 qui
361 2681 448 2756 juxta
467 2681 559 2757 ipsius
570 2682 677 2742 Christi
692 2683 799 2742 dictum
813 2681 844 2740 in
855 2683 910 2741 hoe
920 2679 1061 2752 consistit,
1072 2679 1206 2739 nimirum

138 2761 170 2818 in
202 2780 299 2819 amore
330 2761 384 2820 Dei
414 2782 503 2838 supra
535 2763 640 2834 omnia,
672 2768 702 2823 et
731 2761 856 2840 proximi
884 2766 1022 2837 tanquam
1043 2760 1087 2819 sui
1108 2759 1210 2836 ipsius.
1308 2800 1309 2804 ,

140 2840 283 2900 Sublimes
309 2842 529 2916 speculationes,
551 2844 646 2914 credo,
669 2843 847 2920 Scripturam
868 2841 984 2901 minime
1005 2844 1141 2916 tangunt.
1162 2841 1211 2899 Me

141 2920 218 2996 quod
249 2926 371 2997 spectat,
403 2923 484 2981 nulla
515 2923 570 2982 Dei
599 2927 710 2985 aeterna
731 2923 873 2983 attributa
894 2942 932 2981 ex
951 2921 1039 2980 Sacra
1060 2920 1212 2996 Scriptura

142 3000 237 3073 didici,
259 3021 313 3060 nec
333 3002 443 3061 discere
463 3002 555 3079 potui.

184 3081 330 3150 Quantum
362 3102 432 3141 vero
464 3083 596 3158 quintum
610 3084 626 3117 *
647 3083 753 3143 attinet
774 3086 977 3158 argumentum
998 3080 1119 3156 (scilicet
1139 3080 1211 3138 Pro·

142 3162 249 3237 phetas
279 3161 333 3220 Dei
363 3162 492 3222 Verbum
523 3163 575 3221 tali
606 3162 718 3223 ratione
738 3163 923 3221 manifestum
943 3161 1054 3232 fecisse,
1076 3159 1210 3237 quoniam

142 3241 252 3300 veritas
285 3241 404 3301 veritati
435 3263 494 3302 non
523 3247 569 3302 est
592 3242 760 3319 contraria),
782 3242 853 3301 nihil
874 3241 977 3317 reliqui
998 3244 1050 3310 est,
1073 3259 1159 3316 quam
1179 3243 1213 3297 ut

141 3321 390 3398 (quemadmodum
422 3323 526 3399 quivis,
561 3323 610 3399 qui
644 3321 867 3383 Demonstrandi
888 3321 1057 3381 Methodum
1078 3317 1210 3396 percipit,

138 3401 291 3478 judicabit)
323 3403 526 3475 demonstrem,
559 3403 747 3480 Scripturam,
768 3407 855 3480 prout
875 3406 928 3474 est,
951 3420 1014 3460 esse
1035 3400 1089 3458 Dei
1109 3419 1211 3459 verum

143 3483 271 3541 Verbum
290 3484 458 3543 revelatum.
483 3484 572 3560 Cujus
591 3484 828 3543 Mathematicam
848 3480 1139 3552 Demonstrationem,
1157 3479 1213 3538 nisi

141 3562 249 3621 Divina
279 3563 475 3634 Revelatione‚
507 3565 614 3624 habero
645 3584 765 3640 nequeo.
797 3564 836 3622 Et
866 3562 931 3621 ideo
956 3560 1025 3632 dixi,
1047 3563 1140 3633 oredo,
1162 3560 1212 3619 sed

141 3663 209 3713 non,
242 3663 320 3702 more
349 3645 546 3704 mathematico
571 3647 638 3715 scio,
661 3648 767 3716 omnia,
790 3663 853 3721 qetoe
873 3645 951 3702 Deus
972 3643 1130 3718 Prophetis
1152 3648 1210 3712 etc,

173 3824 185 3848 *
217 3824 263 3870 Ed.
279 3825 351 3883 Belg.
368 3837 457 3870 vocem
473 3824 632 3871 numeralem
650 3824 756 3871 omittit.
