2662 4298
434 345 752 387 uurouoerco-romrrcr
773 348 837 387 eur.
861 349 902 388 rx.
1166 332 1202 389 77

126 520 180 589 est,
204 517 240 572 ut
259 516 328 588 post
348 512 473 571 Hezram
495 516 578 572 tanta
599 512 805 587 exemplarium
827 512 948 587 penuria
962 511 1058 585 fuerit,
1070 512 1095 571 is
1103 512 1201 570 mirari

127 593 251 667 desinet,
274 592 324 668 qui
343 593 390 651 vel
408 594 498 651 solum
520 613 583 669 cap.
608 594 633 652 l.
655 593 719 651 libr.
744 594 769 650 1.
782 594 1016 651 machabeorum
1029 593 1141 667 legerit,
1154 595 1199 651 vel

126 694 191 751 eap.
224 674 271 732 5.*
291 672 357 731 libr.
380 674 427 731 12.
449 672 595 749 Antiquit.
617 673 747 748 Josephi.
770 673 830 731 huo
852 673 983 748 prodigio
1005 673 1096 731 simile
1119 673 1198 731 vide-

127 760 186 826 tur,
209 754 289 830 qued
310 756 377 828 post
397 757 510 811 tautam
532 759 648 828 tamque
670 754 835 811 diuturnam
857 753 1085 829 persecutionem
1107 774 1200 829 pauca

127 835 177 894 illa
209 832 337 892 retinere
367 833 531 909 potuerint3
564 834 599 892 de
625 853 680 908 quo
702 833 844 891 neminem
866 833 997 892 dubitare
1019 834 1128 909 opinor,
1151 834 1199 908 qui

127 915 210 974 illam
240 912 393 972 historiam
412 913 549 972 mediocri
569 933 633 972 eum
655 913 815 972 attentione
836 914 948 988 legerit.
971 914 1080 972 Causas
1100 915 1198 990 itaque

129 995 274 1061 videmus,
306 1013 358 1052 our
387 994 487 1052 nullibi
512 994 611 1070 plures
633 1014 719 1070 quam
741 995 805 1052 duae
828 994 921 1052 dubiae
943 994 1080 1052 lectiones
1101 1014 1197 1053 oecur-

128 1080 211 1137 runt.
234 1074 420 1150 Quapropter
439 1075 525 1149 longe
547 1077 638 1145 abest,
662 1078 694 1132 ut
715 1094 752 1132 ex
773 1094 815 1143 eo,
838 1075 913 1149 quod
934 1094 992 1132 non
1013 1075 1111 1149 plures
1132 1077 1199 1133 dua-

129 1158 184 1215 bus
205 1154 313 1230 ubique
333 1155 447 1225 dentur,
470 1155 600 1213 eoneludi
621 1155 721 1230 possit,
744 1155 838 1212 Biblia
858 1155 889 1211 in
910 1154 979 1212 loeis
1000 1155 1108 1212 notatis
1130 1155 1199 1213 data

128 1256 219 1312 opera
250 1254 402 1311 perperam
431 1234 540 1310 scripta
566 1234 655 1293 fuisse
677 1235 713 1292 ad
735 1235 925 1309 significanda
945 1234 1092 1309 mysteria.
1115 1235 1196 1304 Quod

127 1320 229 1375 autem
249 1316 286 1373 arl
306 1317 462 1375 seeundum
484 1319 516 1351 *²⁸
538 1315 652 1387 attinet,
674 1316 749 1390 quod
772 1315 903 1390 quaedam
924 1313 1105 1389 reperiantur
1127 1315 1197 1372 adeo

127 1415 283 1473 perperam
314 1395 431 1471 scripta,
460 1400 493 1454 ut
515 1396 697 1453 nullomodo
719 1396 852 1453 dubitare
872 1394 1027 1469 potuerint,
1050 1395 1120 1469 quin
1141 1414 1196 1452 om-

128 1476 212 1535 nium
243 1481 405 1552 temporum
435 1474 578 1534 scribendi
599 1475 664 1534 usui
684 1482 891 1550 repugnarent,
914 1495 1035 1550 qumque
1056 1476 1127 1533 adeo
1149 1478 1196 1533 ab·

128 1556 226 1616 solute
257 1556 412 1631 corrigere,
439 1575 498 1614 uon
519 1561 616 1614 autem
637 1556 666 1613 in
686 1556 817 1630 margine
839 1561 940 1615 notare
961 1557 1130 1631 debuerant,
1153 1575 1198 1613 me
1280 1578 1284 1587 ·

127 1656 234 1714 parum
260 1636 374 1711 tangit;
395 1655 488 1711 neque
509 1636 584 1694 onim
606 1636 680 1694 seire
701 1641 810 1705 teneor,
833 1656 898 1712 quae
920 1637 1021 1711 religio
1042 1636 1120 1712 ipsos
1141 1657 1197 1694 nro·

127 1716 215 1787 verit,
238 1720 272 1775 ut
290 1716 321 1774 id
341 1735 400 1774 non
420 1717 558 1775 facerent.
581 1717 619 1774 Et
638 1717 714 1774 forte
734 1715 763 1774 id
785 1737 822 1774 ex
843 1717 931 1774 animi
945 1717 1112 1775 sinceritate
1126 1718 1198 1775 feee-

127 1802 208 1871 runt,
242 1797 320 1873 quod
351 1796 475 1872 posteris
496 1797 599 1867 Biblia,
621 1802 654 1854 ut
675 1801 707 1854 ut
728 1798 765 1854 ab
786 1797 856 1872 ipsis
877 1798 907 1855 in
928 1797 1027 1872 paucis
1049 1797 1197 1871 originali·

127 1880 185 1936 bus
214 1876 337 1935 inventa
369 1875 485 1948 fuerint,
508 1877 623 1935 tradere
644 1878 808 1948 voluerunt,
831 1882 917 1952 atque
938 1877 1120 1951 originalium
1144 1877 1197 1935 dis-

128 1957 297 2033 erepantias
327 1961 438 2027 notare,
461 1976 520 2014 non
540 1956 653 2032 quidem
673 1963 706 2015 ut
728 1958 837 2028 dubias,
860 1959 908 2016 sed
934 1963 965 2015 ut
986 1957 1083 2015 varias
1104 1956 1198 2016 lectio·

128 2034 198 2110 nes;
221 2057 275 2096 nee
296 2057 351 2112 ego
373 2038 487 2096 easdem
509 2037 610 2095 dubias
632 2037 744 2108 vocavi,
767 2038 821 2095 uisi
844 2039 911 2112 quia
932 2058 1035 2096 revera
1056 2040 1116 2095 sere
1137 2057 1197 2094 om-

127 2138 183 2177 nes
203 2117 279 2176 tales
300 2117 421 2193 reperio,
444 2122 477 2176 ut
497 2117 614 2175 minime
635 2118 732 2188 seiam,
756 2138 889 2192 quaenam
911 2138 971 2192 praa
994 2117 1051 2174 alia
1072 2118 1110 2174 sit
1131 2137 1198 2192 pro·

127 2198 235 2257 banda.
257 2197 388 2273 Denique
409 2202 515 2273 praeter
536 2198 638 2256 dubias
658 2199 711 2255 has
731 2198 869 2255 lectiones
891 2201 1066 2255 notaverunt
1080 2197 1197 2270 insuper

128 2277 239 2338 Seribae
271 2282 404 2348 (vaenum
436 2278 560 2353 spatium
591 2278 622 2336 in
643 2278 744 2335 mediis
764 2277 956 2352 paragraphis
976 2276 1197 2350 interponendo)

127 2359 216 2434 plura
245 2358 310 2416 looa
337 2362 481 2429 truncata,
503 2378 623 2434 quorum
645 2378 795 2416 numerum
817 2359 969 2415 llasoretae
990 2357 1125 2426 tradunt3
1148 2376 1198 2413 uu·

128 2443 245 2497 merant
266 2437 376 2497 scilieet
396 2437 501 2513 viginti
523 2444 587 2496 oeto
608 2439 680 2508 loca,
703 2439 752 2497 ubi
773 2439 803 2496 in
825 2438 916 2496 medio
938 2438 1198 2513 parapraphospa-

128 2518 203 2578 tium
231 2538 355 2577 vacuum
376 2517 586 2594 interponitur3
610 2519 704 2577 neseio
726 2540 764 2578 an
786 2519 872 2578 etium
892 2519 923 2577 in
945 2538 1062 2577 numero
1084 2517 1198 2592 aliquod

128 2597 301 2675 mysterium
321 2599 413 2657 latere
434 2600 564 2658 eredunt.
587 2599 680 2674 Spatii
701 2605 796 2658 autem
819 2605 927 2658 certam
948 2599 1141 2674 quantitatem
1157 2619 1199 2656 re·

128 2678 234 2754 ligiose
265 2680 423 2738 observant
453 2678 603 2738 Pharisaei.
626 2681 736 2738 Horum
759 2681 922 2754 exemplum
944 2683 987 2753 (ut
1008 2699 1096 2737 uuum
1118 2680 1198 2736 adl·

130 2765 205 2829 ram]
228 2760 353 2818 habetur
372 2759 403 2818 in
425 2759 528 2818 Genea.
552 2780 613 2835 oap.
636 2762 663 2818 4.
686 2782 729 2819 vs.
753 2763 790 2827 8.,
813 2761 863 2835 qui
884 2761 925 2818 sie
946 2759 1090 2830 scribitur,
1107 2762 1199 2816 latrit-

129 2843 174 2900 [υἱέ
195 2840 278 2898 Kuin
302 2841 404 2898 Hebeli
422 2842 515 2914 fratri
535 2860 600 2898 sno.
612 2886 617 2898 .
629 2886 651 2899 ..
674 2849 699 2898 el
719 2844 842 2914 eontiqit,
866 2843 935 2898 (bna
950 2847 1031 2898 erant
1043 2843 1074 2896 in
1087 2859 1197 2913 cunque,

130 2928 162 2978 nt
186 2920 275 2991 Kaira,
297 2928 345 2978 ete.
369 2919 417 2978 ubi
438 2921 561 2995 spatium
584 2921 756 2995 relinquitur
770 2940 900 2989 vacuum,
918 2920 966 2977 ubi
980 2919 1053 2977 seire
1065 2924 1197 2994 expecta-

131 3002 245 3070 bamus,
278 2999 346 3075 quid
372 3000 401 3057 id
429 3001 525 3071 fuerit,
556 3001 632 3075 quod
661 3001 736 3058 Kain
762 3000 846 3057 fratri
868 3000 990 3057 dixerat.
1013 3000 1050 3056 Εἰ
1071 3004 1102 3056 at
1122 3000 1198 3057 himo

130 3081 248 3138 modum
269 3083 386 3155 (praeter
406 3080 456 3138 illa
477 3102 540 3155 quae
559 3082 619 3156 jam
641 3081 815 3149 notavimus)
838 3100 855 3136 a
877 3079 983 3137 Scribis
994 3079 1096 3136 relicta
1107 3079 1198 3152 vigin-

131 3160 222 3218 tioeto
250 3161 443 3235 reperiuntur.
467 3161 593 3230 Quorum
615 3166 711 3218 tamen
733 3160 823 3217 multa
845 3178 902 3216 non
925 3164 1098 3233 apparerent
1119 3165 1198 3216 trun-

131 3244 207 3311 cata,
229 3240 285 3298 nisi
305 3242 431 3316 spatium
451 3241 635 3317 interjectum
657 3246 741 3299 esset.
765 3240 819 3297 Sed
842 3241 876 3297 de
899 3239 942 3295 his
964 3238 1043 3295 satis.

164 3439 178 3464 ⁴*
203 3438 250 3484 Ed.
267 3439 321 3484 Pr.:
341 3439 361 3484 ῑ.

163 3501 185 3521 ’”
202 3500 248 3545 Ed.
266 3501 319 3545 Pu:
336 3502 475 3546 secandam.
