<?xml version="1.0" encoding="UTF-8"?>
<!DOCTYPE html PUBLIC "-//W3C//DTD XHTML 1.0 Transitional//EN"
    "http://www.w3.org/TR/xhtml1/DTD/xhtml1-transitional.dtd">
<html xmlns="http://www.w3.org/1999/xhtml" xml:lang="en" lang="en">
 <head>
  <title>
</title>
<meta http-equiv="Content-Type" content="text/html;charset=utf-8" />
  <meta name='ocr-system' content='tesseract 3.04.00' />
  <meta name='ocr-capabilities' content='ocr_page ocr_carea ocr_par ocr_line ocrx_word'/>
</head>
<body>
  <div class='ocr_page' id='page_1' title='image "./operaquotquotre00landgoog/operaquotquotre00landgoog_0046.png"; bbox 0 0 2662 4298; ppageno 0'>
   <div class='ocr_carea' id='block_1_1' title="bbox 442 353 1208 410">
    <p class='ocr_par' dir='ltr' id='par_1_1' title="bbox 442 353 1208 410">
     <span class='ocr_line' id='line_1_1' title="bbox 442 353 1208 410; baseline 0.012 -9"><span class='ocrx_word' id='word_1_1' title='bbox 442 363 756 404; x_wconf 81' lang='lat' dir='ltr'>ranouooroo·ron1r1c1</span> <span class='ocrx_word' id='word_1_2' title='bbox 777 366 845 406; x_wconf 76' lang='lat' dir='ltr'>cca.</span> <span class='ocrx_word' id='word_1_3' title='bbox 866 366 906 405; x_wconf 82' lang='lat' dir='ltr'>vr.</span> <span class='ocrx_word' id='word_1_4' title='bbox 1169 353 1208 410; x_wconf 77' lang='lat'>29</span> 
     </span>
    </p>
   </div>
   <div class='ocr_carea' id='block_1_2' title="bbox 124 531 1207 3896">
    <p class='ocr_par' dir='ltr' id='par_1_2' title="bbox 124 531 1207 3254">
     <span class='ocr_line' id='line_1_2' title="bbox 134 531 1207 608; baseline 0.007 -19"><span class='ocrx_word' id='word_1_5' title='bbox 134 531 248 601; x_wconf 89' lang='lat' dir='ltr'>venire;</span> <span class='ocrx_word' id='word_1_6' title='bbox 276 531 353 607; x_wconf 92' lang='lat' dir='ltr'>quod</span> <span class='ocrx_word' id='word_1_7' title='bbox 378 535 476 589; x_wconf 90' lang='lat' dir='ltr'>tamen</span> <span class='ocrx_word' id='word_1_8' title='bbox 497 531 689 606; x_wconf 83' lang='lat' dir='ltr'>Philosophia,</span> <span class='ocrx_word' id='word_1_9' title='bbox 712 531 841 608; x_wconf 92' lang='lat' dir='ltr'>quinon</span> <span class='ocrx_word' id='word_1_10' title='bbox 863 552 898 591; x_wconf 81' lang='lat' dir='ltr'>ex</span> <span class='ocrx_word' id='word_1_11' title='bbox 918 534 1076 607; x_wconf 80' lang='lat' dir='ltr'><strong>miraculis,</strong></span> <span class='ocrx_word' id='word_1_12' title='bbox 1098 538 1147 595; x_wconf 92' lang='lat' dir='ltr'>sed</span> <span class='ocrx_word' id='word_1_13' title='bbox 1170 559 1207 596; x_wconf 84' lang='lat' dir='ltr'>ex</span> 
     </span>
     <span class='ocr_line' id='line_1_3' title="bbox 133 610 1206 690; baseline 0.007 -21"><span class='ocrx_word' id='word_1_14' title='bbox 133 611 219 670; x_wconf 87' lang='lat' dir='ltr'>claris</span> <span class='ocrx_word' id='word_1_15' title='bbox 250 610 436 686; x_wconf 76' lang='lat' dir='ltr'>conceptibus</span> <span class='ocrx_word' id='word_1_16' title='bbox 466 631 513 669; x_wconf 88' lang='lat' dir='ltr'>res</span> <span class='ocrx_word' id='word_1_17' title='bbox 541 617 684 669; x_wconf 86' lang='lat' dir='ltr'>conantur</span> <span class='ocrx_word' id='word_1_18' title='bbox 711 611 882 688; x_wconf 87' lang='lat' dir='ltr'>intelligere,</span> <span class='ocrx_word' id='word_1_19' title='bbox 912 634 1026 690; x_wconf 89' lang='lat' dir='ltr'>semper</span> <span class='ocrx_word' id='word_1_20' title='bbox 1053 617 1206 676; x_wconf 86' lang='lat' dir='ltr'><strong>admodum</strong></span> 
     </span>
     <span class='ocr_line' id='line_1_4' title="bbox 133 690 1205 767; baseline 0.006 -17"><span class='ocrx_word' id='word_1_21' title='bbox 133 692 244 751; x_wconf 86' lang='lat' dir='ltr'>clarum</span> <span class='ocrx_word' id='word_1_22' title='bbox 264 691 335 761; x_wconf 81' lang='lat' dir='ltr'>fuit3</span> <span class='ocrx_word' id='word_1_23' title='bbox 355 690 392 749; x_wconf 89' lang='lat' dir='ltr'>iis</span> <span class='ocrx_word' id='word_1_24' title='bbox 412 690 556 759; x_wconf 87' lang='lat' dir='ltr'>nimirum,</span> <span class='ocrx_word' id='word_1_25' title='bbox 573 692 620 767; x_wconf 92' lang='lat' dir='ltr'>qui</span> <span class='ocrx_word' id='word_1_26' title='bbox 636 711 736 750; x_wconf 87' lang='lat' dir='ltr'>veram</span> <span class='ocrx_word' id='word_1_27' title='bbox 749 692 917 752; x_wconf 73' lang='lat' dir='ltr'>felicitatem</span> <span class='ocrx_word' id='word_1_28' title='bbox 931 694 961 752; x_wconf 93' lang='lat' dir='ltr'>in</span> <span class='ocrx_word' id='word_1_29' title='bbox 975 697 1037 754; x_wconf 92' lang='lat' dir='ltr'>sola</span> <span class='ocrx_word' id='word_1_30' title='bbox 1052 696 1160 756; x_wconf 90' lang='lat' dir='ltr'>virtute</span> <span class='ocrx_word' id='word_1_31' title='bbox 1175 703 1205 756; x_wconf 90' lang='lat' dir='ltr'>et</span> 
     </span>
     <span class='ocr_line' id='line_1_5' title="bbox 133 771 1205 848; baseline 0.006 -18"><span class='ocrx_word' id='word_1_32' title='bbox 133 771 345 846; x_wconf 77' lang='lat' dir='ltr'>tranquillitate</span> <span class='ocrx_word' id='word_1_33' title='bbox 366 771 454 829; x_wconf 89' lang='lat' dir='ltr'>animi</span> <span class='ocrx_word' id='word_1_34' title='bbox 475 771 665 842; x_wconf 88' lang='lat' dir='ltr'>constituunt,</span> <span class='ocrx_word' id='word_1_35' title='bbox 688 791 741 831; x_wconf 91' lang='lat' dir='ltr'>nec</span> <span class='ocrx_word' id='word_1_36' title='bbox 762 773 889 844; x_wconf 87' lang='lat' dir='ltr'>student,</span> <span class='ocrx_word' id='word_1_37' title='bbox 911 779 944 833; x_wconf 94' lang='lat' dir='ltr'>ut</span> <span class='ocrx_word' id='word_1_38' title='bbox 965 775 1077 835; x_wconf 88' lang='lat' dir='ltr'>Natura</span> <span class='ocrx_word' id='word_1_39' title='bbox 1095 777 1139 848; x_wconf 94' lang='lat' dir='ltr'>iis,</span> <span class='ocrx_word' id='word_1_40' title='bbox 1155 779 1205 837; x_wconf 90' lang='lat' dir='ltr'>sed</span> 
     </span>
     <span class='ocr_line' id='line_1_6' title="bbox 133 851 1203 928; baseline 0.006 -18"><span class='ocrx_word' id='word_1_41' title='bbox 133 858 244 922; x_wconf 86' lang='lat' dir='ltr'>contra,</span> <span class='ocrx_word' id='word_1_42' title='bbox 265 856 298 909; x_wconf 87' lang='lat' dir='ltr'>ut</span> <span class='ocrx_word' id='word_1_43' title='bbox 318 851 374 926; x_wconf 90' lang='lat' dir='ltr'>ipsi</span> <span class='ocrx_word' id='word_1_44' title='bbox 393 851 511 910; x_wconf 79' lang='lat' dir='ltr'>Naturae</span> <span class='ocrx_word' id='word_1_45' title='bbox 533 857 671 927; x_wconf 86' lang='lat' dir='ltr'>pareant;</span> <span class='ocrx_word' id='word_1_46' title='bbox 693 857 795 928; x_wconf 89' lang='lat' dir='ltr'>utpote</span> <span class='ocrx_word' id='word_1_47' title='bbox 817 854 867 928; x_wconf 93' lang='lat' dir='ltr'>qui</span> <span class='ocrx_word' id='word_1_48' title='bbox 887 859 965 913; x_wconf 89' lang='lat' dir='ltr'>certe</span> <span class='ocrx_word' id='word_1_49' title='bbox 986 857 1089 928; x_wconf 86' lang='lat' dir='ltr'>sciunt,</span> <span class='ocrx_word' id='word_1_50' title='bbox 1111 858 1203 917; x_wconf 90' lang='lat' dir='ltr'>Deum</span> 
     </span>
     <span class='ocr_line' id='line_1_7' title="bbox 132 931 1204 1012; baseline 0.007 -23"><span class='ocrx_word' id='word_1_51' title='bbox 132 931 275 991; x_wconf 88' lang='lat' dir='ltr'>Naturam</span> <span class='ocrx_word' id='word_1_52' title='bbox 297 931 421 1006; x_wconf 88' lang='lat' dir='ltr'>dirigere</span> <span class='ocrx_word' id='word_1_53' title='bbox 442 936 529 1007; x_wconf 89' lang='lat' dir='ltr'>prout</span> <span class='ocrx_word' id='word_1_54' title='bbox 550 933 613 1008; x_wconf 91' lang='lat' dir='ltr'>ejus</span> <span class='ocrx_word' id='word_1_55' title='bbox 633 933 713 1007; x_wconf 85' lang='lat' dir='ltr'>leges</span> <span class='ocrx_word' id='word_1_56' title='bbox 733 933 921 1004; x_wconf 87' lang='lat' dir='ltr'>universales,</span> <span class='ocrx_word' id='word_1_57' title='bbox 938 955 995 994; x_wconf 89' lang='lat' dir='ltr'>non</span> <span class='ocrx_word' id='word_1_58' title='bbox 1010 942 1106 995; x_wconf 89' lang='lat' dir='ltr'>autem</span> <span class='ocrx_word' id='word_1_59' title='bbox 1117 942 1204 1012; x_wconf 92' lang='lat' dir='ltr'>prout</span> 
     </span>
     <span class='ocr_line' id='line_1_8' title="bbox 133 1011 1203 1090; baseline 0.007 -21"><span class='ocrx_word' id='word_1_60' title='bbox 133 1013 268 1070; x_wconf 87' lang='lat' dir='ltr'>humanae</span> <span class='ocrx_word' id='word_1_61' title='bbox 290 1016 402 1070; x_wconf 87' lang='lat' dir='ltr'>naturae</span> <span class='ocrx_word' id='word_1_62' title='bbox 424 1011 614 1087; x_wconf 87' lang='lat' dir='ltr'>particulares</span> <span class='ocrx_word' id='word_1_63' title='bbox 634 1013 714 1087; x_wconf 82' lang='lat' dir='ltr'>leges</span> <span class='ocrx_word' id='word_1_64' title='bbox 735 1013 866 1088; x_wconf 84' lang='lat' dir='ltr'>exigunt,</span> <span class='ocrx_word' id='word_1_65' title='bbox 888 1016 1017 1090; x_wconf 82' lang='lat' dir='ltr'>adeoque</span> <span class='ocrx_word' id='word_1_66' title='bbox 1038 1018 1130 1076; x_wconf 88' lang='lat' dir='ltr'>Deum</span> <span class='ocrx_word' id='word_1_67' title='bbox 1145 1038 1203 1076; x_wconf 92' lang='lat' dir='ltr'>nou</span> 
     </span>
     <span class='ocr_line' id='line_1_9' title="bbox 132 1091 1201 1166; baseline 0.007 -17"><span class='ocrx_word' id='word_1_68' title='bbox 132 1092 221 1150; x_wconf 89' lang='lat' dir='ltr'>solius</span> <span class='ocrx_word' id='word_1_69' title='bbox 253 1091 373 1150; x_wconf 89' lang='lat' dir='ltr'>humaui</span> <span class='ocrx_word' id='word_1_70' title='bbox 404 1092 527 1166; x_wconf 88' lang='lat' dir='ltr'>generis,</span> <span class='ocrx_word' id='word_1_71' title='bbox 560 1093 610 1150; x_wconf 89' lang='lat' dir='ltr'>sed</span> <span class='ocrx_word' id='word_1_72' title='bbox 641 1092 730 1151; x_wconf 87' lang='lat' dir='ltr'>totius</span> <span class='ocrx_word' id='word_1_73' title='bbox 762 1093 881 1153; x_wconf 83' lang='lat' dir='ltr'>Naturae</span> <span class='ocrx_word' id='word_1_74' title='bbox 912 1096 1053 1154; x_wconf 89' lang='lat' dir='ltr'>rationem</span> <span class='ocrx_word' id='word_1_75' title='bbox 1086 1099 1201 1157; x_wconf 90' lang='lat' dir='ltr'>habere.</span> 
     </span>
     <span class='ocr_line' id='line_1_10' title="bbox 132 1171 1203 1248; baseline 0.006 -17"><span class='ocrx_word' id='word_1_76' title='bbox 132 1171 255 1231; x_wconf 80' lang='lat' dir='ltr'>Constat</span> <span class='ocrx_word' id='word_1_77' title='bbox 285 1172 383 1247; x_wconf 91' lang='lat' dir='ltr'>itaque</span> <span class='ocrx_word' id='word_1_78' title='bbox 415 1172 502 1230; x_wconf 91' lang='lat' dir='ltr'>etiam</span> <span class='ocrx_word' id='word_1_79' title='bbox 534 1192 571 1231; x_wconf 88' lang='lat' dir='ltr'>ex</span> <span class='ocrx_word' id='word_1_80' title='bbox 601 1172 664 1247; x_wconf 89' lang='lat' dir='ltr'>ipsa</span> <span class='ocrx_word' id='word_1_81' title='bbox 691 1173 849 1248; x_wconf 81' lang='lat' dir='ltr'>Scriptura,</span> <span class='ocrx_word' id='word_1_82' title='bbox 871 1175 1008 1234; x_wconf 86' lang='lat' dir='ltr'>miracula</span> <span class='ocrx_word' id='word_1_83' title='bbox 1029 1196 1129 1236; x_wconf 88' lang='lat' dir='ltr'>veram</span> <span class='ocrx_word' id='word_1_84' title='bbox 1150 1178 1203 1237; x_wconf 90' lang='lat' dir='ltr'>Dei</span> 
     </span>
     <span class='ocr_line' id='line_1_11' title="bbox 132 1253 1202 1328; baseline 0.007 -18"><span class='ocrx_word' id='word_1_85' title='bbox 132 1253 327 1327; x_wconf 87' lang='lat' dir='ltr'>cognitionem</span> <span class='ocrx_word' id='word_1_86' title='bbox 348 1272 404 1310; x_wconf 91' lang='lat' dir='ltr'>non</span> <span class='ocrx_word' id='word_1_87' title='bbox 427 1253 504 1323; x_wconf 83' lang='lat' dir='ltr'>dare,</span> <span class='ocrx_word' id='word_1_88' title='bbox 526 1272 580 1311; x_wconf 89' lang='lat' dir='ltr'>nec</span> <span class='ocrx_word' id='word_1_89' title='bbox 601 1253 654 1310; x_wconf 89' lang='lat' dir='ltr'>Dei</span> <span class='ocrx_word' id='word_1_90' title='bbox 674 1253 886 1328; x_wconf 87' lang='lat' dir='ltr'>providentiam</span> <span class='ocrx_word' id='word_1_91' title='bbox 907 1255 984 1312; x_wconf 87' lang='lat' dir='ltr'>clare</span> <span class='ocrx_word' id='word_1_92' title='bbox 995 1257 1106 1315; x_wconf 87' lang='lat' dir='ltr'>docere.</span> <span class='ocrx_word' id='word_1_93' title='bbox 1120 1258 1202 1327; x_wconf 77' lang='lat' dir='ltr'>Quod</span> 
     </span>
     <span class='ocr_line' id='line_1_12' title="bbox 131 1332 1204 1409; baseline 0.005 -19"><span class='ocrx_word' id='word_1_94' title='bbox 131 1337 229 1391; x_wconf 89' lang='lat' dir='ltr'>autem</span> <span class='ocrx_word' id='word_1_95' title='bbox 260 1333 291 1390; x_wconf 92' lang='lat' dir='ltr'>in</span> <span class='ocrx_word' id='word_1_96' title='bbox 321 1332 470 1408; x_wconf 82' lang='lat' dir='ltr'>Scriptura</span> <span class='ocrx_word' id='word_1_97' title='bbox 491 1352 569 1407; x_wconf 88' lang='lat' dir='ltr'>saepe</span> <span class='ocrx_word' id='word_1_98' title='bbox 590 1340 741 1408; x_wconf 85' lang='lat' dir='ltr'>reperitur,</span> <span class='ocrx_word' id='word_1_99' title='bbox 764 1335 856 1392; x_wconf 90' lang='lat' dir='ltr'>Deum</span> <span class='ocrx_word' id='word_1_100' title='bbox 878 1340 1015 1409; x_wconf 90' lang='lat' dir='ltr'>portenta</span> <span class='ocrx_word' id='word_1_101' title='bbox 1036 1336 1147 1406; x_wconf 88' lang='lat' dir='ltr'>fecisse,</span> <span class='ocrx_word' id='word_1_102' title='bbox 1169 1343 1204 1397; x_wconf 91' lang='lat' dir='ltr'>ut</span> 
     </span>
     <span class='ocr_line' id='line_1_13' title="bbox 131 1412 1201 1490; baseline 0.006 -20"><span class='ocrx_word' id='word_1_103' title='bbox 131 1413 296 1471; x_wconf 91' lang='lat' dir='ltr'>hominibus</span> <span class='ocrx_word' id='word_1_104' title='bbox 325 1412 528 1484; x_wconf 86' lang='lat' dir='ltr'>innotesceret,</span> <span class='ocrx_word' id='word_1_105' title='bbox 560 1419 593 1471; x_wconf 91' lang='lat' dir='ltr'>ut</span> <span class='ocrx_word' id='word_1_106' title='bbox 625 1413 654 1470; x_wconf 91' lang='lat' dir='ltr'>iu</span> <span class='ocrx_word' id='word_1_107' title='bbox 681 1413 774 1471; x_wconf 81' lang='lat' dir='ltr'>Exodi</span> <span class='ocrx_word' id='word_1_108' title='bbox 796 1432 858 1490; x_wconf 86' lang='lat' dir='ltr'>cap.</span> <span class='ocrx_word' id='word_1_109' title='bbox 883 1417 929 1474; x_wconf 88' lang='grc'>10.</span> <span class='ocrx_word' id='word_1_110' title='bbox 951 1435 1026 1475; x_wconf 89' lang='lat' dir='ltr'>vers.</span> <span class='ocrx_word' id='word_1_111' title='bbox 1050 1417 1087 1488; x_wconf 80' lang='grc'>2.,</span> <span class='ocrx_word' id='word_1_112' title='bbox 1110 1419 1201 1476; x_wconf 91' lang='lat' dir='ltr'>Deum</span> 
     </span>
     <span class='ocr_line' id='line_1_14' title="bbox 131 1492 1201 1572; baseline 0.006 -22"><span class='ocrx_word' id='word_1_113' title='bbox 131 1492 286 1569; x_wconf 82' lang='lat' dir='ltr'>AEgyptios</span> <span class='ocrx_word' id='word_1_114' title='bbox 317 1492 449 1563; x_wconf 83' lang='lat' dir='ltr'>illusisse,</span> <span class='ocrx_word' id='word_1_115' title='bbox 471 1498 500 1551; x_wconf 92' lang='lat' dir='ltr'>et</span> <span class='ocrx_word' id='word_1_116' title='bbox 521 1493 605 1568; x_wconf 84' lang='lat' dir='ltr'>signa</span> <span class='ocrx_word' id='word_1_117' title='bbox 626 1493 671 1551; x_wconf 93' lang='lat' dir='ltr'>sui</span> <span class='ocrx_word' id='word_1_118' title='bbox 691 1493 812 1565; x_wconf 89' lang='lat' dir='ltr'>dedisse,</span> <span class='ocrx_word' id='word_1_119' title='bbox 835 1500 868 1554; x_wconf 92' lang='lat' dir='ltr'>ut</span> <span class='ocrx_word' id='word_1_120' title='bbox 888 1495 1028 1556; x_wconf 70' lang='lat' dir='ltr'>israelitas</span> <span class='ocrx_word' id='word_1_121' title='bbox 1050 1517 1201 1572; x_wconf 82' lang='lat' dir='ltr'>cognosce·</span> 
     </span>
     <span class='ocr_line' id='line_1_15' title="bbox 132 1573 1200 1650; baseline 0.006 -19"><span class='ocrx_word' id='word_1_122' title='bbox 132 1579 197 1631; x_wconf 90' lang='lat' dir='ltr'>rent</span> <span class='ocrx_word' id='word_1_123' title='bbox 228 1593 294 1631; x_wconf 91' lang='lat' dir='ltr'>eum</span> <span class='ocrx_word' id='word_1_124' title='bbox 325 1593 388 1632; x_wconf 88' lang='lat' dir='ltr'>esse</span> <span class='ocrx_word' id='word_1_125' title='bbox 419 1574 528 1643; x_wconf 87' lang='lat' dir='ltr'>Deum;</span> <span class='ocrx_word' id='word_1_126' title='bbox 559 1573 627 1631; x_wconf 90' lang='lat' dir='ltr'>inde</span> <span class='ocrx_word' id='word_1_127' title='bbox 654 1580 751 1632; x_wconf 90' lang='lat' dir='ltr'>tamen</span> <span class='ocrx_word' id='word_1_128' title='bbox 772 1576 990 1650; x_wconf 79' lang='lat' dir='ltr'>consequitur,</span> <span class='ocrx_word' id='word_1_129' title='bbox 1013 1577 1151 1637; x_wconf 89' lang='lat' dir='ltr'>miracula</span> <span class='ocrx_word' id='word_1_130' title='bbox 1170 1579 1200 1636; x_wconf 90' lang='lat' dir='ltr'>id</span> 
     </span>
     <span class='ocr_line' id='line_1_16' title="bbox 130 1653 1201 1729; baseline 0.007 -19"><span class='ocrx_word' id='word_1_131' title='bbox 130 1673 234 1712; x_wconf 89' lang='lat' dir='ltr'>revera</span> <span class='ocrx_word' id='word_1_132' title='bbox 266 1654 377 1723; x_wconf 90' lang='lat' dir='ltr'>docere,</span> <span class='ocrx_word' id='word_1_133' title='bbox 409 1653 459 1711; x_wconf 89' lang='lat' dir='ltr'>sed</span> <span class='ocrx_word' id='word_1_134' title='bbox 491 1657 618 1712; x_wconf 19' lang='lat' dir='ltr'>tantum,</span> <span class='ocrx_word' id='word_1_135' title='bbox 637 1653 776 1729; x_wconf 90' lang='lat' dir='ltr'>sequitur,</span> <span class='ocrx_word' id='word_1_136' title='bbox 812 1657 930 1714; x_wconf 82' lang='lat' dir='ltr'>dudaeos</span> <span class='ocrx_word' id='word_1_137' title='bbox 961 1657 1034 1715; x_wconf 89' lang='lat' dir='ltr'>tales</span> <span class='ocrx_word' id='word_1_138' title='bbox 1066 1658 1201 1717; x_wconf 89' lang='lat' dir='ltr'>habuisse</span> 
     </span>
     <span class='ocr_line' id='line_1_17' title="bbox 124 1733 1200 1813; baseline 0.006 -22"><span class='ocrx_word' id='word_1_139' title='bbox 124 1733 289 1808; x_wconf 86' lang='lat' dir='ltr'>opiniones,</span> <span class='ocrx_word' id='word_1_140' title='bbox 320 1739 353 1791; x_wconf 91' lang='lat' dir='ltr'>ut</span> <span class='ocrx_word' id='word_1_141' title='bbox 378 1733 462 1792; x_wconf 89' lang='lat' dir='ltr'>facile</span> <span class='ocrx_word' id='word_1_142' title='bbox 482 1733 517 1792; x_wconf 92' lang='lat' dir='ltr'>iis</span> <span class='ocrx_word' id='word_1_143' title='bbox 538 1733 684 1792; x_wconf 89' lang='lat' dir='ltr'>miraculis</span> <span class='ocrx_word' id='word_1_144' title='bbox 706 1734 839 1793; x_wconf 88' lang='lat' dir='ltr'>convinci</span> <span class='ocrx_word' id='word_1_145' title='bbox 860 1742 987 1811; x_wconf 91' lang='lat' dir='ltr'>possent.</span> <span class='ocrx_word' id='word_1_146' title='bbox 1011 1737 1104 1813; x_wconf 89' lang='lat' dir='ltr'>Supra</span> <span class='ocrx_word' id='word_1_147' title='bbox 1125 1739 1200 1798; x_wconf 92' lang='lat' dir='ltr'>enim</span> 
     </span>
     <span class='ocr_line' id='line_1_18' title="bbox 130 1813 1200 1892; baseline 0.006 -22"><span class='ocrx_word' id='word_1_148' title='bbox 130 1814 160 1871; x_wconf 91' lang='lat' dir='ltr'>in</span> <span class='ocrx_word' id='word_1_149' title='bbox 192 1813 295 1889; x_wconf 75' lang='lat' dir='ltr'>Capite</span> <span class='ocrx_word' id='word_1_150' title='bbox 322 1814 447 1872; x_wconf 88' lang='lat' dir='ltr'>secundo</span> <span class='ocrx_word' id='word_1_151' title='bbox 469 1814 545 1872; x_wconf 90' lang='lat' dir='ltr'>clare</span> <span class='ocrx_word' id='word_1_152' title='bbox 567 1814 752 1885; x_wconf 88' lang='lat' dir='ltr'>ostendimus,</span> <span class='ocrx_word' id='word_1_153' title='bbox 775 1815 903 1874; x_wconf 90' lang='lat' dir='ltr'>rationes</span> <span class='ocrx_word' id='word_1_154' title='bbox 923 1819 1117 1892; x_wconf 89' lang='lat' dir='ltr'>propheticas,</span> <span class='ocrx_word' id='word_1_155' title='bbox 1139 1819 1200 1878; x_wconf 86' lang='lat' dir='ltr'>sive</span> 
     </span>
     <span class='ocr_line' id='line_1_19' title="bbox 130 1893 1200 1969; baseline 0.006 -18"><span class='ocrx_word' id='word_1_156' title='bbox 130 1913 195 1969; x_wconf 91' lang='lat' dir='ltr'>quae</span> <span class='ocrx_word' id='word_1_157' title='bbox 227 1913 265 1952; x_wconf 80' lang='lat' dir='ltr'>ex</span> <span class='ocrx_word' id='word_1_158' title='bbox 286 1893 463 1952; x_wconf 85' lang='lat' dir='ltr'>revelatione</span> <span class='ocrx_word' id='word_1_159' title='bbox 483 1894 654 1964; x_wconf 85' lang='lat' dir='ltr'>formantur,</span> <span class='ocrx_word' id='word_1_160' title='bbox 676 1915 735 1953; x_wconf 90' lang='lat' dir='ltr'>non</span> <span class='ocrx_word' id='word_1_161' title='bbox 756 1895 819 1954; x_wconf 88' lang='lat' dir='ltr'>elici</span> <span class='ocrx_word' id='word_1_162' title='bbox 841 1915 879 1954; x_wconf 85' lang='lat' dir='ltr'>ex</span> <span class='ocrx_word' id='word_1_163' title='bbox 900 1897 1066 1956; x_wconf 89' lang='lat' dir='ltr'>notionibus</span> <span class='ocrx_word' id='word_1_164' title='bbox 1087 1899 1200 1957; x_wconf 89' lang='lat' dir='ltr'>univer·</span> 
     </span>
     <span class='ocr_line' id='line_1_20' title="bbox 130 1974 1201 2050; baseline 0.006 -19"><span class='ocrx_word' id='word_1_165' title='bbox 130 1974 239 2032; x_wconf 88' lang='lat' dir='ltr'>salibus</span> <span class='ocrx_word' id='word_1_166' title='bbox 271 1980 300 2032; x_wconf 90' lang='lat' dir='ltr'>et</span> <span class='ocrx_word' id='word_1_167' title='bbox 320 1974 527 2044; x_wconf 88' lang='lat' dir='ltr'>communibus,</span> <span class='ocrx_word' id='word_1_168' title='bbox 550 1975 600 2032; x_wconf 89' lang='lat' dir='ltr'>sed</span> <span class='ocrx_word' id='word_1_169' title='bbox 622 1994 659 2032; x_wconf 85' lang='lat' dir='ltr'>ex</span> <span class='ocrx_word' id='word_1_170' title='bbox 680 1975 832 2044; x_wconf 88' lang='lat' dir='ltr'>concessis,</span> <span class='ocrx_word' id='word_1_171' title='bbox 855 1976 987 2050; x_wconf 79' lang='lat' dir='ltr'>quamvis</span> <span class='ocrx_word' id='word_1_172' title='bbox 1008 1979 1149 2050; x_wconf 88' lang='lat' dir='ltr'>absurdis,</span> <span class='ocrx_word' id='word_1_173' title='bbox 1171 1985 1201 2037; x_wconf 89' lang='lat' dir='ltr'>et</span> 
     </span>
     <span class='ocr_line' id='line_1_21' title="bbox 130 2053 1202 2135; baseline 0.007 -24"><span class='ocrx_word' id='word_1_174' title='bbox 130 2053 313 2129; x_wconf 91' lang='lat' dir='ltr'>opinionibus</span> <span class='ocrx_word' id='word_1_175' title='bbox 343 2074 451 2127; x_wconf 89' lang='lat' dir='ltr'>eorum,</span> <span class='ocrx_word' id='word_1_176' title='bbox 483 2054 586 2129; x_wconf 88' lang='lat' dir='ltr'>quibus</span> <span class='ocrx_word' id='word_1_177' title='bbox 617 2074 664 2113; x_wconf 88' lang='lat' dir='ltr'>res</span> <span class='ocrx_word' id='word_1_178' title='bbox 694 2055 870 2127; x_wconf 89' lang='lat' dir='ltr'>revelantur,</span> <span class='ocrx_word' id='word_1_179' title='bbox 902 2057 964 2116; x_wconf 86' lang='lat' dir='ltr'>sive</span> <span class='ocrx_word' id='word_1_180' title='bbox 985 2077 1056 2132; x_wconf 92' lang='lat' dir='ltr'>quos</span> <span class='ocrx_word' id='word_1_181' title='bbox 1077 2059 1202 2135; x_wconf 81' lang='lat' dir='ltr'>Spiritus</span> 
     </span>
     <span class='ocr_line' id='line_1_22' title="bbox 130 2134 1200 2212; baseline 0.005 -20"><span class='ocrx_word' id='word_1_182' title='bbox 130 2134 255 2192; x_wconf 89' lang='lat' dir='ltr'>Sanctus</span> <span class='ocrx_word' id='word_1_183' title='bbox 276 2134 446 2192; x_wconf 88' lang='lat' dir='ltr'>convincere</span> <span class='ocrx_word' id='word_1_184' title='bbox 467 2135 545 2205; x_wconf 79' lang='lat' dir='ltr'>vult3</span> <span class='ocrx_word' id='word_1_185' title='bbox 568 2135 643 2209; x_wconf 92' lang='lat' dir='ltr'>quod</span> <span class='ocrx_word' id='word_1_186' title='bbox 663 2136 762 2194; x_wconf 91' lang='lat' dir='ltr'>multis</span> <span class='ocrx_word' id='word_1_187' title='bbox 783 2137 922 2212; x_wconf 85' lang='lat' dir='ltr'>exemplis</span> <span class='ocrx_word' id='word_1_188' title='bbox 941 2137 1158 2211; x_wconf 88' lang='lat' dir='ltr'>iNustravimus,</span> <span class='ocrx_word' id='word_1_189' title='bbox 1171 2144 1200 2197; x_wconf 91' lang='lat' dir='ltr'>et</span> 
     </span>
     <span class='ocr_line' id='line_1_23' title="bbox 130 2214 1200 2290; baseline 0.004 -18"><span class='ocrx_word' id='word_1_190' title='bbox 130 2214 216 2272; x_wconf 89' lang='lat' dir='ltr'>etiam</span> <span class='ocrx_word' id='word_1_191' title='bbox 249 2214 414 2273; x_wconf 88' lang='lat' dir='ltr'>testimonio</span> <span class='ocrx_word' id='word_1_192' title='bbox 446 2214 537 2283; x_wconf 88' lang='lat' dir='ltr'>Pauli,</span> <span class='ocrx_word' id='word_1_193' title='bbox 563 2214 698 2290; x_wconf 91' lang='lat' dir='ltr'>quicum</span> <span class='ocrx_word' id='word_1_194' title='bbox 719 2215 829 2275; x_wconf 85' lang='lat' dir='ltr'>Graccis</span> <span class='ocrx_word' id='word_1_195' title='bbox 850 2222 913 2274; x_wconf 89' lang='lat' dir='ltr'>erat</span> <span class='ocrx_word' id='word_1_196' title='bbox 934 2217 1063 2287; x_wconf 74' lang='lat' dir='ltr'>Graecus,</span> <span class='ocrx_word' id='word_1_197' title='bbox 1086 2222 1116 2276; x_wconf 88' lang='lat' dir='ltr'>et</span> <span class='ocrx_word' id='word_1_198' title='bbox 1136 2239 1200 2276; x_wconf 92' lang='lat' dir='ltr'>cum</span> 
     </span>
     <span class='ocr_line' id='line_1_24' title="bbox 129 2294 1201 2373; baseline 0.004 -21"><span class='ocrx_word' id='word_1_199' title='bbox 129 2294 241 2353; x_wconf 86' lang='lat' dir='ltr'>Judaeis</span> <span class='ocrx_word' id='word_1_200' title='bbox 272 2295 402 2353; x_wconf 87' lang='lat' dir='ltr'>Judaeus.</span> <span class='ocrx_word' id='word_1_201' title='bbox 435 2296 543 2353; x_wconf 89' lang='lat' dir='ltr'>Verum</span> <span class='ocrx_word' id='word_1_202' title='bbox 574 2296 706 2370; x_wconf 86' lang='lat' dir='ltr'>quamvis</span> <span class='ocrx_word' id='word_1_203' title='bbox 736 2296 785 2354; x_wconf 95' lang='lat' dir='ltr'>illa</span> <span class='ocrx_word' id='word_1_204' title='bbox 817 2296 956 2355; x_wconf 87' lang='lat' dir='ltr'>miracula</span> <span class='ocrx_word' id='word_1_205' title='bbox 990 2298 1143 2373; x_wconf 83' lang='lat' dir='ltr'>AEgyptios</span> <span class='ocrx_word' id='word_1_206' title='bbox 1171 2304 1201 2357; x_wconf 90' lang='lat' dir='ltr'>et</span> 
     </span>
     <span class='ocr_line' id='line_1_25' title="bbox 129 2375 1201 2448; baseline 0.006 -18"><span class='ocrx_word' id='word_1_207' title='bbox 129 2375 249 2433; x_wconf 86' lang='lat' dir='ltr'>Judaeos</span> <span class='ocrx_word' id='word_1_208' title='bbox 281 2388 318 2433; x_wconf 77' lang='lat' dir='ltr'>ex</span> <span class='ocrx_word' id='word_1_209' title='bbox 347 2375 406 2433; x_wconf 88' lang='lat' dir='ltr'>suis</span> <span class='ocrx_word' id='word_1_210' title='bbox 437 2375 581 2434; x_wconf 87' lang='lat' dir='ltr'>concessis</span> <span class='ocrx_word' id='word_1_211' title='bbox 613 2376 793 2448; x_wconf 89' lang='lat' dir='ltr'>convincere,</span> <span class='ocrx_word' id='word_1_212' title='bbox 828 2382 1004 2435; x_wconf 88' lang='lat' dir='ltr'>nontamen</span> <span class='ocrx_word' id='word_1_213' title='bbox 1025 2398 1125 2436; x_wconf 91' lang='lat' dir='ltr'>veram</span> <span class='ocrx_word' id='word_1_214' title='bbox 1146 2378 1201 2436; x_wconf 90' lang='lat' dir='ltr'>Dei</span> 
     </span>
     <span class='ocr_line' id='line_1_26' title="bbox 128 2455 1201 2530; baseline 0.006 -18"><span class='ocrx_word' id='word_1_215' title='bbox 128 2455 222 2513; x_wconf 85' lang='lat' dir='ltr'>ideam</span> <span class='ocrx_word' id='word_1_216' title='bbox 243 2461 272 2512; x_wconf 92' lang='lat' dir='ltr'>et</span> <span class='ocrx_word' id='word_1_217' title='bbox 293 2455 486 2530; x_wconf 84' lang='lat' dir='ltr'>cognitionem</span> <span class='ocrx_word' id='word_1_218' title='bbox 508 2456 577 2514; x_wconf 89' lang='lat' dir='ltr'>dare</span> <span class='ocrx_word' id='word_1_219' title='bbox 598 2461 742 2530; x_wconf 89' lang='lat' dir='ltr'>poterant,</span> <span class='ocrx_word' id='word_1_220' title='bbox 765 2458 814 2515; x_wconf 88' lang='lat' dir='ltr'>sed</span> <span class='ocrx_word' id='word_1_221' title='bbox 837 2462 952 2516; x_wconf 87' lang='lat' dir='ltr'>tantum</span> <span class='ocrx_word' id='word_1_222' title='bbox 974 2459 1201 2525; x_wconf 80' lang='lat' dir='ltr'>facerautcon·</span> 
     </span>
     <span class='ocr_line' id='line_1_27' title="bbox 128 2535 1200 2614; baseline 0.005 -22"><span class='ocrx_word' id='word_1_223' title='bbox 128 2535 274 2603; x_wconf 91' lang='lat' dir='ltr'>cederent,</span> <span class='ocrx_word' id='word_1_224' title='bbox 297 2535 359 2593; x_wconf 89' lang='lat' dir='ltr'>dari</span> <span class='ocrx_word' id='word_1_225' title='bbox 379 2535 493 2594; x_wconf 90' lang='lat' dir='ltr'>Numen</span> <span class='ocrx_word' id='word_1_226' title='bbox 514 2536 646 2594; x_wconf 89' lang='lat' dir='ltr'>omuibus</span> <span class='ocrx_word' id='word_1_227' title='bbox 666 2540 752 2595; x_wconf 90' lang='lat' dir='ltr'>rebus</span> <span class='ocrx_word' id='word_1_228' title='bbox 773 2537 808 2595; x_wconf 92' lang='lat' dir='ltr'>iis</span> <span class='ocrx_word' id='word_1_229' title='bbox 830 2538 907 2596; x_wconf 89' lang='lat' dir='ltr'>notis</span> <span class='ocrx_word' id='word_1_230' title='bbox 929 2539 1085 2614; x_wconf 87' lang='lat' dir='ltr'>potentius,</span> <span class='ocrx_word' id='word_1_231' title='bbox 1098 2539 1200 2598; x_wconf 88' lang='lat' dir='ltr'>deinde</span> 
     </span>
     <span class='ocr_line' id='line_1_28' title="bbox 129 2616 1201 2694; baseline 0.006 -22"><span class='ocrx_word' id='word_1_232' title='bbox 129 2617 204 2689; x_wconf 91' lang='lat' dir='ltr'>quod</span> <span class='ocrx_word' id='word_1_233' title='bbox 236 2616 383 2686; x_wconf 87' lang='lat' dir='ltr'>Hebraeos,</span> <span class='ocrx_word' id='word_1_234' title='bbox 416 2616 520 2691; x_wconf 91' lang='lat' dir='ltr'>quibus</span> <span class='ocrx_word' id='word_1_235' title='bbox 551 2622 613 2674; x_wconf 90' lang='lat' dir='ltr'>tum</span> <span class='ocrx_word' id='word_1_236' title='bbox 635 2617 772 2692; x_wconf 87' lang='lat' dir='ltr'>temporis</span> <span class='ocrx_word' id='word_1_237' title='bbox 793 2618 891 2676; x_wconf 90' lang='lat' dir='ltr'>omnia</span> <span class='ocrx_word' id='word_1_238' title='bbox 911 2624 1021 2693; x_wconf 86' lang='lat' dir='ltr'>praeter</span> <span class='ocrx_word' id='word_1_239' title='bbox 1041 2639 1121 2694; x_wconf 91' lang='lat' dir='ltr'>spem</span> <span class='ocrx_word' id='word_1_240' title='bbox 1141 2620 1201 2678; x_wconf 87' lang='lat' dir='ltr'>feli·</span> 
     </span>
     <span class='ocr_line' id='line_1_29' title="bbox 128 2695 1202 2775; baseline 0.006 -23"><span class='ocrx_word' id='word_1_241' title='bbox 128 2695 242 2753; x_wconf 90' lang='lat' dir='ltr'>cissime</span> <span class='ocrx_word' id='word_1_242' title='bbox 263 2700 421 2766; x_wconf 88' lang='lat' dir='ltr'>cesserunt,</span> <span class='ocrx_word' id='word_1_243' title='bbox 443 2716 532 2771; x_wconf 91' lang='lat' dir='ltr'>supra</span> <span class='ocrx_word' id='word_1_244' title='bbox 553 2716 651 2754; x_wconf 89' lang='lat' dir='ltr'>omnes</span> <span class='ocrx_word' id='word_1_245' title='bbox 673 2700 804 2769; x_wconf 88' lang='lat' dir='ltr'>curabat,</span> <span class='ocrx_word' id='word_1_246' title='bbox 826 2719 886 2757; x_wconf 92' lang='lat' dir='ltr'>non</span> <span class='ocrx_word' id='word_1_247' title='bbox 908 2704 1004 2757; x_wconf 89' lang='lat' dir='ltr'>autem</span> <span class='ocrx_word' id='word_1_248' title='bbox 1027 2702 1102 2775; x_wconf 93' lang='lat' dir='ltr'>quod</span> <span class='ocrx_word' id='word_1_249' title='bbox 1124 2702 1202 2759; x_wconf 89' lang='lat' dir='ltr'>Deus</span> 
     </span>
     <span class='ocr_line' id='line_1_30' title="bbox 129 2778 1200 2856; baseline 0.006 -23"><span class='ocrx_word' id='word_1_250' title='bbox 129 2795 228 2834; x_wconf 90' lang='lat' dir='ltr'>omnes</span> <span class='ocrx_word' id='word_1_251' title='bbox 256 2796 338 2851; x_wconf 88' lang='lat' dir='ltr'>acque</span> <span class='ocrx_word' id='word_1_252' title='bbox 369 2781 467 2845; x_wconf 84' lang='lat' dir='ltr'>curet3</span> <span class='ocrx_word' id='word_1_253' title='bbox 502 2797 567 2834; x_wconf 90' lang='lat' dir='ltr'>nam</span> <span class='ocrx_word' id='word_1_254' title='bbox 600 2778 655 2834; x_wconf 93' lang='lat' dir='ltr'>hoc</span> <span class='ocrx_word' id='word_1_255' title='bbox 676 2778 737 2835; x_wconf 89' lang='lat' dir='ltr'>sola</span> <span class='ocrx_word' id='word_1_256' title='bbox 758 2778 944 2854; x_wconf 91' lang='lat' dir='ltr'>Philosophia</span> <span class='ocrx_word' id='word_1_257' title='bbox 966 2780 1069 2838; x_wconf 90' lang='lat' dir='ltr'>docere</span> <span class='ocrx_word' id='word_1_258' title='bbox 1090 2786 1200 2856; x_wconf 91' lang='lat' dir='ltr'>potest;</span> 
     </span>
     <span class='ocr_line' id='line_1_31' title="bbox 126 2855 1200 2931; baseline 0.007 -19"><span class='ocrx_word' id='word_1_259' title='bbox 126 2855 192 2914; x_wconf 91' lang='lat' dir='ltr'>ideo</span> <span class='ocrx_word' id='word_1_260' title='bbox 223 2856 320 2914; x_wconf 88' lang='lat' dir='ltr'>Judaei</span> <span class='ocrx_word' id='word_1_261' title='bbox 350 2862 378 2914; x_wconf 92' lang='lat' dir='ltr'>et</span> <span class='ocrx_word' id='word_1_262' title='bbox 399 2876 506 2926; x_wconf 74' lang='lat' dir='ltr'>omnes</span> <span class='ocrx_word' id='word_1_263' title='bbox 529 2857 577 2931; x_wconf 92' lang='lat' dir='ltr'>qui</span> <span class='ocrx_word' id='word_1_264' title='bbox 598 2857 713 2915; x_wconf 89' lang='lat' dir='ltr'>nonnisi</span> <span class='ocrx_word' id='word_1_265' title='bbox 734 2878 771 2916; x_wconf 82' lang='lat' dir='ltr'>ex</span> <span class='ocrx_word' id='word_1_266' title='bbox 792 2857 921 2917; x_wconf 90' lang='lat' dir='ltr'>dissimili</span> <span class='ocrx_word' id='word_1_267' title='bbox 942 2879 1038 2918; x_wconf 89' lang='lat' dir='ltr'>rerum</span> <span class='ocrx_word' id='word_1_268' title='bbox 1060 2862 1200 2919; x_wconf 88' lang='lat' dir='ltr'>humana-</span> 
     </span>
     <span class='ocr_line' id='line_1_32' title="bbox 126 2936 1200 3015; baseline 0.007 -22"><span class='ocrx_word' id='word_1_269' title='bbox 126 2955 191 2993; x_wconf 91' lang='lat' dir='ltr'>rum</span> <span class='ocrx_word' id='word_1_270' title='bbox 223 2940 302 2995; x_wconf 91' lang='lat' dir='ltr'>statu</span> <span class='ocrx_word' id='word_1_271' title='bbox 336 2942 366 2995; x_wconf 91' lang='lat' dir='ltr'>et</span> <span class='ocrx_word' id='word_1_272' title='bbox 398 2936 500 3012; x_wconf 91' lang='lat' dir='ltr'>impari</span> <span class='ocrx_word' id='word_1_273' title='bbox 521 2937 668 2995; x_wconf 91' lang='lat' dir='ltr'>hominum</span> <span class='ocrx_word' id='word_1_274' title='bbox 688 2939 806 2996; x_wconf 89' lang='lat' dir='ltr'>fortuna</span> <span class='ocrx_word' id='word_1_275' title='bbox 828 2939 881 2997; x_wconf 91' lang='lat' dir='ltr'>Dei</span> <span class='ocrx_word' id='word_1_276' title='bbox 902 2940 1115 3014; x_wconf 88' lang='lat' dir='ltr'>providentiam</span> <span class='ocrx_word' id='word_1_277' title='bbox 1136 2961 1200 3015; x_wconf 84' lang='lat' dir='ltr'>cog-</span> 
     </span>
     <span class='ocr_line' id='line_1_33' title="bbox 126 3017 1201 3097; baseline 0.005 -23"><span class='ocrx_word' id='word_1_278' title='bbox 126 3020 281 3086; x_wconf 90' lang='lat' dir='ltr'>noverunt,</span> <span class='ocrx_word' id='word_1_279' title='bbox 313 3017 367 3075; x_wconf 90' lang='lat' dir='ltr'>sibi</span> <span class='ocrx_word' id='word_1_280' title='bbox 399 3023 612 3092; x_wconf 87' lang='lat' dir='ltr'>persuaserunt,</span> <span class='ocrx_word' id='word_1_281' title='bbox 648 3019 766 3076; x_wconf 85' lang='lat' dir='ltr'>Judaeos</span> <span class='ocrx_word' id='word_1_282' title='bbox 797 3020 858 3077; x_wconf 91' lang='lat' dir='ltr'>Deo</span> <span class='ocrx_word' id='word_1_283' title='bbox 892 3020 1055 3079; x_wconf 86' lang='lat' dir='ltr'>dilectiores</span> <span class='ocrx_word' id='word_1_284' title='bbox 1085 3021 1201 3097; x_wconf 88' lang='lat' dir='ltr'>reliquis</span> 
     </span>
     <span class='ocr_line' id='line_1_34' title="bbox 125 3096 1200 3176; baseline 0.005 -23"><span class='ocrx_word' id='word_1_285' title='bbox 125 3096 223 3167; x_wconf 89' lang='lat' dir='ltr'>fuisse,</span> <span class='ocrx_word' id='word_1_286' title='bbox 256 3097 388 3172; x_wconf 90' lang='lat' dir='ltr'>quamvis</span> <span class='ocrx_word' id='word_1_287' title='bbox 418 3103 516 3155; x_wconf 87' lang='lat' dir='ltr'>tamen</span> <span class='ocrx_word' id='word_1_288' title='bbox 546 3098 671 3173; x_wconf 87' lang='lat' dir='ltr'>reliquos</span> <span class='ocrx_word' id='word_1_289' title='bbox 702 3118 771 3157; x_wconf 89' lang='lat' dir='ltr'>vera</span> <span class='ocrx_word' id='word_1_290' title='bbox 797 3101 924 3158; x_wconf 86' lang='lat' dir='ltr'>humana</span> <span class='ocrx_word' id='word_1_291' title='bbox 944 3101 1121 3176; x_wconf 88' lang='lat' dir='ltr'>perfectione</span> <span class='ocrx_word' id='word_1_292' title='bbox 1142 3122 1200 3160; x_wconf 90' lang='lat' dir='ltr'>non</span> 
     </span>
     <span class='ocr_line' id='line_1_35' title="bbox 126 3177 849 3254; baseline 0.004 -20"><span class='ocrx_word' id='word_1_293' title='bbox 126 3177 339 3251; x_wconf 87' lang='lat' dir='ltr'>superaverint,</span> <span class='ocrx_word' id='word_1_294' title='bbox 362 3183 395 3235; x_wconf 93' lang='lat' dir='ltr'>ut</span> <span class='ocrx_word' id='word_1_295' title='bbox 412 3177 472 3252; x_wconf 87' lang='lat' dir='ltr'>jam</span> <span class='ocrx_word' id='word_1_296' title='bbox 495 3178 563 3254; x_wconf 75' lang='lat' dir='ltr'>(lap.</span> <span class='ocrx_word' id='word_1_297' title='bbox 585 3179 640 3238; x_wconf 90' lang='grc' dir='ltr'><strong>ΙΙΙ.</strong></span> <span class='ocrx_word' id='word_1_298' title='bbox 662 3179 849 3238; x_wconf 89' lang='lat' dir='ltr'>ostendimus.</span> 
     </span>
    </p>

    <p class='ocr_par' dir='ltr' id='par_1_3' title="bbox 125 3257 1201 3896">
     <span class='ocr_line' id='line_1_36' title="bbox 167 3257 1200 3334; baseline 0.004 -21"><span class='ocrx_word' id='word_1_299' title='bbox 167 3257 214 3314; x_wconf 87' lang='lat' dir='ltr'>Ad</span> <span class='ocrx_word' id='word_1_300' title='bbox 236 3261 351 3316; x_wconf 82' lang='lat' dir='ltr'>tertium</span> <span class='ocrx_word' id='word_1_301' title='bbox 371 3257 462 3333; x_wconf 87' lang='lat' dir='ltr'>igitur</span> <span class='ocrx_word' id='word_1_302' title='bbox 483 3277 581 3333; x_wconf 86' lang='lat' dir='ltr'>pergo,</span> <span class='ocrx_word' id='word_1_303' title='bbox 605 3259 713 3317; x_wconf 91' lang='lat' dir='ltr'>scilicet</span> <span class='ocrx_word' id='word_1_304' title='bbox 734 3279 772 3317; x_wconf 79' lang='lat' dir='ltr'>ex</span> <span class='ocrx_word' id='word_1_305' title='bbox 793 3260 943 3334; x_wconf 83' lang='lat' dir='ltr'>Scriptura</span> <span class='ocrx_word' id='word_1_306' title='bbox 965 3261 1127 3328; x_wconf 89' lang='lat' dir='ltr'>ostendam,</span> <span class='ocrx_word' id='word_1_307' title='bbox 1147 3261 1200 3319; x_wconf 87' lang='lat' dir='ltr'>Dei</span> 
     </span>
     <span class='ocr_line' id='line_1_37' title="bbox 126 3337 1200 3415; baseline 0.003 -21"><span class='ocrx_word' id='word_1_308' title='bbox 126 3337 243 3395; x_wconf 89' lang='lat' dir='ltr'>decreta</span> <span class='ocrx_word' id='word_1_309' title='bbox 274 3342 303 3395; x_wconf 89' lang='lat' dir='ltr'>at</span> <span class='ocrx_word' id='word_1_310' title='bbox 334 3339 479 3406; x_wconf 87' lang='lat' dir='ltr'>mandata,</span> <span class='ocrx_word' id='word_1_311' title='bbox 512 3344 541 3396; x_wconf 89' lang='lat' dir='ltr'>et</span> <span class='ocrx_word' id='word_1_312' title='bbox 570 3344 780 3414; x_wconf 89' lang='lat' dir='ltr'>consequenter</span> <span class='ocrx_word' id='word_1_313' title='bbox 800 3339 1022 3415; x_wconf 88' lang='lat' dir='ltr'>providentiam,</span> <span class='ocrx_word' id='word_1_314' title='bbox 1045 3339 1116 3397; x_wconf 91' lang='lat' dir='ltr'>nihil</span> <span class='ocrx_word' id='word_1_315' title='bbox 1138 3360 1200 3398; x_wconf 89' lang='lat' dir='ltr'>esse</span> 
     </span>
     <span class='ocr_line' id='line_1_38' title="bbox 125 3418 1201 3494; baseline 0.004 -20"><span class='ocrx_word' id='word_1_316' title='bbox 125 3436 230 3475; x_wconf 86' lang='lat' dir='ltr'>revera</span> <span class='ocrx_word' id='word_1_317' title='bbox 249 3423 359 3493; x_wconf 89' lang='lat' dir='ltr'>praeter</span> <span class='ocrx_word' id='word_1_318' title='bbox 378 3418 498 3477; x_wconf 89' lang='lat' dir='ltr'>Naturae</span> <span class='ocrx_word' id='word_1_319' title='bbox 520 3420 668 3488; x_wconf 87' lang='lat' dir='ltr'>ordinem;</span> <span class='ocrx_word' id='word_1_320' title='bbox 691 3422 744 3478; x_wconf 90' lang='lat' dir='ltr'>hoc</span> <span class='ocrx_word' id='word_1_321' title='bbox 766 3425 818 3489; x_wconf 85' lang='lat' dir='ltr'>est,</span> <span class='ocrx_word' id='word_1_322' title='bbox 841 3420 955 3494; x_wconf 88' lang='lat' dir='ltr'>quando</span> <span class='ocrx_word' id='word_1_323' title='bbox 968 3419 1120 3494; x_wconf 87' lang='lat' dir='ltr'>Scriptura</span> <span class='ocrx_word' id='word_1_324' title='bbox 1131 3419 1201 3478; x_wconf 87' lang='lat' dir='ltr'>dicit</span> 
     </span>
     <span class='ocr_line' id='line_1_39' title="bbox 125 3497 1200 3569; baseline 0.003 -14"><span class='ocrx_word' id='word_1_325' title='bbox 125 3497 182 3555; x_wconf 91' lang='lat' dir='ltr'>hoc</span> <span class='ocrx_word' id='word_1_326' title='bbox 202 3498 250 3555; x_wconf 84' lang='lat' dir='ltr'>vel</span> <span class='ocrx_word' id='word_1_327' title='bbox 269 3497 339 3556; x_wconf 92' lang='lat' dir='ltr'>illud</span> <span class='ocrx_word' id='word_1_328' title='bbox 362 3519 379 3556; x_wconf 90' lang='lat' dir='ltr'>a</span> <span class='ocrx_word' id='word_1_329' title='bbox 400 3500 460 3556; x_wconf 91' lang='lat' dir='ltr'>Deo</span> <span class='ocrx_word' id='word_1_330' title='bbox 482 3500 528 3556; x_wconf 89' lang='lat' dir='ltr'>vel</span> <span class='ocrx_word' id='word_1_331' title='bbox 549 3500 603 3557; x_wconf 91' lang='lat' dir='ltr'>Dei</span> <span class='ocrx_word' id='word_1_332' title='bbox 623 3501 776 3557; x_wconf 85' lang='lat' dir='ltr'>voluntate</span> <span class='ocrx_word' id='word_1_333' title='bbox 789 3500 907 3569; x_wconf 88' lang='lat' dir='ltr'>facium,</span> <span class='ocrx_word' id='word_1_334' title='bbox 923 3498 994 3558; x_wconf 92' lang='lat' dir='ltr'>nihil</span> <span class='ocrx_word' id='word_1_335' title='bbox 1007 3499 1085 3558; x_wconf 89' lang='lat' dir='ltr'>aliud</span> <span class='ocrx_word' id='word_1_336' title='bbox 1096 3519 1200 3558; x_wconf 90' lang='lat' dir='ltr'>revera</span> 
     </span>
     <span class='ocr_line' id='line_1_40' title="bbox 126 3576 1199 3655; baseline 0.004 -21"><span class='ocrx_word' id='word_1_337' title='bbox 126 3576 297 3652; x_wconf 85' lang='lat' dir='ltr'>intelligere,</span> <span class='ocrx_word' id='word_1_338' title='bbox 329 3599 415 3653; x_wconf 91' lang='lat' dir='ltr'>quam</span> <span class='ocrx_word' id='word_1_339' title='bbox 447 3581 522 3654; x_wconf 92' lang='lat' dir='ltr'>quod</span> <span class='ocrx_word' id='word_1_340' title='bbox 553 3580 582 3638; x_wconf 90' lang='lat' dir='ltr'>id</span> <span class='ocrx_word' id='word_1_341' title='bbox 613 3580 707 3655; x_wconf 87' lang='lat' dir='ltr'>ipsum</span> <span class='ocrx_word' id='word_1_342' title='bbox 740 3581 895 3639; x_wconf 92' lang='lat' dir='ltr'>secundum</span> <span class='ocrx_word' id='word_1_343' title='bbox 918 3581 997 3654; x_wconf 90' lang='lat' dir='ltr'>leges</span> <span class='ocrx_word' id='word_1_344' title='bbox 1019 3585 1049 3638; x_wconf 92' lang='lat' dir='ltr'>et</span> <span class='ocrx_word' id='word_1_345' title='bbox 1071 3581 1199 3639; x_wconf 89' lang='lat' dir='ltr'>ordinem</span> 
     </span>
     <span class='ocr_line' id='line_1_41' title="bbox 126 3657 1198 3737; baseline 0.004 -23"><span class='ocrx_word' id='word_1_346' title='bbox 126 3657 246 3716; x_wconf 90' lang='lat' dir='ltr'>Naturae</span> <span class='ocrx_word' id='word_1_347' title='bbox 276 3659 365 3717; x_wconf 90' lang='lat' dir='ltr'>fuerit</span> <span class='ocrx_word' id='word_1_348' title='bbox 394 3659 512 3728; x_wconf 88' lang='lat' dir='ltr'>factum,</span> <span class='ocrx_word' id='word_1_349' title='bbox 544 3680 603 3718; x_wconf 90' lang='lat' dir='ltr'>non</span> <span class='ocrx_word' id='word_1_350' title='bbox 635 3665 740 3729; x_wconf 90' lang='lat' dir='ltr'>autem,</span> <span class='ocrx_word' id='word_1_351' title='bbox 773 3665 805 3717; x_wconf 92' lang='lat' dir='ltr'>ut</span> <span class='ocrx_word' id='word_1_352' title='bbox 826 3661 932 3736; x_wconf 90' lang='lat' dir='ltr'>vulgus</span> <span class='ocrx_word' id='word_1_353' title='bbox 953 3661 1099 3736; x_wconf 89' lang='lat' dir='ltr'>opinatur,</span> <span class='ocrx_word' id='word_1_354' title='bbox 1122 3662 1198 3737; x_wconf 87' lang='lat' dir='ltr'>quod</span> 
     </span>
     <span class='ocr_line' id='line_1_42' title="bbox 126 3737 1200 3816; baseline 0.003 -21"><span class='ocrx_word' id='word_1_355' title='bbox 126 3737 239 3796; x_wconf 89' lang='lat' dir='ltr'>Natura</span> <span class='ocrx_word' id='word_1_356' title='bbox 270 3739 379 3798; x_wconf 89' lang='lat' dir='ltr'>tamdiu</span> <span class='ocrx_word' id='word_1_357' title='bbox 411 3740 537 3798; x_wconf 86' lang='lat' dir='ltr'>cessavit</span> <span class='ocrx_word' id='word_1_358' title='bbox 557 3761 653 3815; x_wconf 84' lang='lat' dir='ltr'>agere,</span> <span class='ocrx_word' id='word_1_359' title='bbox 676 3745 727 3798; x_wconf 87' lang='lat' dir='ltr'>aut</span> <span class='ocrx_word' id='word_1_360' title='bbox 749 3740 825 3814; x_wconf 93' lang='lat' dir='ltr'>quod</span> <span class='ocrx_word' id='word_1_361' title='bbox 847 3741 910 3816; x_wconf 90' lang='lat' dir='ltr'>ejus</span> <span class='ocrx_word' id='word_1_362' title='bbox 931 3741 1000 3799; x_wconf 89' lang='lat' dir='ltr'>ordo</span> <span class='ocrx_word' id='word_1_363' title='bbox 1024 3740 1200 3816; x_wconf 89' lang='lat' dir='ltr'>aliquamdiu</span> 
     </span>
     <span class='ocr_line' id='line_1_43' title="bbox 126 3817 1199 3896; baseline 0.002 -21"><span class='ocrx_word' id='word_1_364' title='bbox 126 3817 307 3894; x_wconf 89' lang='lat' dir='ltr'>interruptus</span> <span class='ocrx_word' id='word_1_365' title='bbox 338 3820 401 3878; x_wconf 92' lang='lat' dir='ltr'>fuit.</span> <span class='ocrx_word' id='word_1_366' title='bbox 427 3822 467 3878; x_wconf 82' lang='lat' dir='ltr'>At</span> <span class='ocrx_word' id='word_1_367' title='bbox 490 3820 639 3896; x_wconf 89' lang='lat' dir='ltr'>Scriptura</span> <span class='ocrx_word' id='word_1_368' title='bbox 660 3840 703 3884; x_wconf 85' lang='lat' dir='ltr'>ea.</span> <span class='ocrx_word' id='word_1_369' title='bbox 726 3840 789 3894; x_wconf 84' lang='lat' dir='ltr'>quac</span> <span class='ocrx_word' id='word_1_370' title='bbox 812 3821 847 3877; x_wconf 94' lang='lat' dir='ltr'>ad</span> <span class='ocrx_word' id='word_1_371' title='bbox 874 3822 936 3895; x_wconf 88' lang='lat' dir='ltr'>ejus</span> <span class='ocrx_word' id='word_1_372' title='bbox 958 3821 1120 3878; x_wconf 86' lang='lat' dir='ltr'>doctrinam</span> <span class='ocrx_word' id='word_1_373' title='bbox 1140 3840 1199 3878; x_wconf 90' lang='lat' dir='ltr'>non</span> 
     </span>
    </p>
   </div>
   <div class='ocr_carea' id='block_1_3' title="bbox 0 0 1336 4298">
    <p class='ocr_par' dir='ltr' id='par_1_4' title="bbox 0 0 1336 4298">
     <span class='ocr_line' id='line_1_44' title="bbox 0 0 1336 4298; baseline 0 1"><span class='ocrx_word' id='word_1_374' title='bbox 0 0 1336 4298; x_wconf 95' lang='lat' dir='ltr'> </span> 
     </span>
    </p>
   </div>
  </div>
 </body>
</html>
