2662 4298
541 358 680 397 urrerem
701 359 806 397 xxmx.
875 355 877 359 '
1150 343 1207 401 329

87 538 101 555 -“
135 523 248 598 parteO
261 523 467 592 venientes‚ita
477 524 508 582 16
515 525 666 600 superficie
672 526 878 600 refringentur,
890 531 924 584 ut
936 526 1019 586 simul
1028 527 1207 603 inpunctoD

135 603 326 675 conveniant3
339 603 368 661 id
379 605 455 680 quod
467 605 502 662 de
513 606 592 663 nulla
603 605 660 664 alia
671 607 766 679 figura
776 607 920 664 affirmare
931 607 1006 679 licet,
1018 608 1208 684 licetHyper·

134 684 209 742 bolae
231 703 265 741 ac
285 683 407 759 Ellipses
427 685 556 742 infinitas
576 686 687 744 habent
707 686 870 746 diametros.
893 687 941 745 Ita
958 707 1037 762 ergo,
1050 693 1084 747 ut
1094 689 1204 761 scribis,

134 783 167 821 se
188 783 234 821 res
254 765 359 836 habet;
381 765 406 822 si
426 765 498 822 nihil
520 765 575 823 nisi
596 766 670 824 oculi
691 768 739 824 vel
760 767 918 842 Telesoopii
938 767 1088 842 longitudo
1110 774 1202 836 atten-

134 843 222 914 ditur,
243 844 426 919 longissimos
447 846 544 903 Totos
564 845 675 921 opticos
696 866 865 921 cogeremur
882 847 1033 918 fabricare,
1049 853 1204 925 antequam

132 922 200 994 Rea,
232 943 297 999 quae
328 924 359 982 in
389 925 481 996 Luna,
504 930 563 983 tam
584 926 745 998 distinctas,
767 947 854 1003 quam
876 948 941 1003 quae
962 927 992 985 in
1013 929 1104 987 Terra
1125 935 1201 1001 sunt,

87 1034 89 1039 ·
134 1023 284 1079 possemus
305 1004 419 1063 intueri.
453 1006 517 1076 Sed,
549 1010 582 1064 ut
604 1006 673 1078 dixi,
695 1007 873 1085 praecipuum
893 1008 923 1065 in
944 1008 1043 1082 anguli
1057 1011 1203 1084 magnitu-

135 1083 202 1142 dine
233 1084 375 1156 consistit,
398 1105 481 1160 quem
504 1086 586 1157 radii,
608 1106 643 1144 ex
664 1086 754 1145 variis
774 1087 889 1163 punctis
910 1094 1056 1160 exeuntesr,
1078 1089 1109 1146 in
1130 1090 1204 1148 oculi

135 1164 296 1239 superficie,
319 1185 406 1240 quum
427 1166 468 1224 ibi
487 1165 613 1224 invicem
631 1167 794 1237 decussant,
807 1168 936 1226 efficiunt
947 1193 952 1240 ;
965 1168 1069 1244 hicque
1080 1171 1204 1245 angulus

134 1244 228 1318 major
258 1264 370 1320 quoque
392 1252 442 1305 aut
463 1245 556 1304 minor
577 1246 684 1319 evadit,
706 1252 793 1322 prout
813 1248 955 1307 vitrorum
976 1249 1006 1306 in
1029 1251 1098 1307 tubo
1120 1251 1203 1309 collo·

134 1329 264 1382 catorum
297 1325 354 1383 foci
384 1325 478 1400 magis
508 1326 640 1385 minusve
675 1327 819 1386 differunt.
853 1328 882 1387 Si
914 1329 1027 1388 animus
1054 1330 1140 1405 hujus
1162 1330 1203 1389 rei

132 1405 406 1464 demonstrationem
417 1407 516 1465 videre
527 1407 624 1482 gestit,
636 1427 698 1465 eam
710 1408 918 1481 transmittere,
930 1410 1044 1484 quando
1052 1411 1201 1485 placuerit,

134 1489 255 1560 paratus
275 1506 347 1544 suni.

225 1583 377 1642 Voorburgi,
394 1584 415 1629 3.
435 1583 530 1645 Martii,
549 1585 615 1631 1667.

426 1815 644 1873 Enrsuona
669 1816 720 1873 XL
750 1816 901 1874 [onmxnvl

336 1939 405 1997 Viro
427 1940 644 1999 Humoniaoimo
666 1948 750 2016 atque
771 1943 1000 2001 Prudentistlmo

454 2071 652 2130 JARIGH
680 2073 872 2131 tuitus

595 2206 629 2263 B.
651 2225 679 2264 n.
702 2206 730 2264 S.

594 2331 696 2391 Versio
718 2334 742 2390 *.

249 2438 466 2496 Humooisot'me
492 2439 553 2511 Vir,

169 2573 320 2630 Postrema
342 2576 401 2646 tua,
424 2572 511 2647 hujus
531 2571 638 2630 mensis
660 2572 706 2631 14.
729 2571 775 2630 die
789 2571 906 2647 scripta,
922 2578 1000 2631 recte
1015 2571 1200 2632 mihitradita

125 2652 200 2723 fuit3
233 2654 269 2709 ob
300 2651 383 2710 varia
414 2672 483 2710 vero
504 2651 709 2727 impedimenta
730 2652 815 2711 citius
836 2653 1010 2728 respondere
1030 2673 1089 2711 non
1109 2653 1199 2714 licuit.

126 2732 259 2792 Conveni
287 2731 441 2790 Dominum
467 2732 646 2791 Vossium**
668 2734 703 2792 de
724 2732 852 2792 Helvetii
872 2732 989 2809 negotio
1000 2737 1059 2806 *,,.*,
1082 2734 1132 2810 qui
1152 2736 1201 2809 (ne

161 2885 171 2903 ⁵
188 2883 274 2927 Prima
290 2881 375 2938 verba,
395 2882 489 2940 quibus
506 2882 537 2928 de
554 2883 667 2929 Helvetii
684 2883 860 2942 experimento
878 2883 971 2941 agitur,
988 2883 1019 2929 ab
1037 2884 1126 2937 amico,
1143 2885 1199 2930 roli-

128 2959 189 3004 qua,
213 2944 272 2989 inde
297 2944 434 2989 atrocibus
451 2944 566 3003 scriptor
582 2944 666 3004 libelli,
683 2945 715 2991 ab
732 2946 789 3004 ipso
807 2946 917 3004 Spinoza
932 2945 1024 2991 Latine
1041 2959 1115 2991 versa
1132 2950 1200 2992 sunt.

161 3007 185 3032 *⁴
202 3007 320 3051 Isaacum
345 3006 474 3063 Vossium,
499 3007 544 3065 qui
569 3009 643 3054 annis
670 3007 825 3054 1654—1670
841 3008 922 3066 Hagis
939 3007 1065 3054 Comitum
1081 3008 1199 3055 habitare

129 3069 239 3115 solebat.

162 3133 195 3189 2*
212 3131 251 3176 Jo.
268 3131 309 3176 Fr.
326 3130 469 3187 Helvetiae,
485 3131 648 3189 Anhaltinus,
665 3132 792 3191 Principis
809 3131 944 3178 Arausiaei
962 3131 1097 3190 archiater,
1114 3146 1199 3178 narra·

130 3195 228 3240 tionem
245 3193 277 3238 de
293 3192 351 3238 Elia
368 3193 528 3252 alchemista,
541 3207 652 3252 quocum
669 3194 692 3240 d.
710 3194 739 3239 at
756 3207 789 3240 m.
806 3195 867 3240 Dec.
886 3193 953 3239 1666.
971 3194 1081 3252 primum
1098 3194 1200 3241 locutus

130 3259 194 3312 erat,
219 3256 303 3301 literis
328 3255 460 3302 mandavit
483 3256 510 3300 in
534 3257 657 3314 opusculo
683 3270 705 3303 6.
729 3259 748 3302 1.
769 3257 871 3302 Vitulns
889 3269 981 3302 aureus
997 3269 1073 3314 quem
1090 3257 1200 3302 mundns

130 3320 222 3364 adorat
246 3321 273 3364 61
289 3321 353 3374 orat,
369 3318 396 3362 in
413 3331 463 3376 quo
481 3321 606 3364 tractatur
622 3319 654 3364 de
670 3319 802 3364 rarissimo
819 3322 916 3365 naturae
932 3318 1056 3364 miraculo
1073 3321 1199 3366 transmu-

129 3381 203 3427 tandi
228 3379 340 3437 metclla,
365 3383 413 3427 etc.
438 3380 581 3427 Ametelod.
607 3380 674 3426 1661.
699 3382 833 3440 1166611166
858 3384 899 3427 661
923 3380 1025 3427 libellus
1046 3382 1073 3425 in
1090 3381 1129 3427 Jo.
1146 3382 1200 3429 lac.

129 3444 244 3501 Mangeti
268 3443 391 3489 Biblioth.
418 3443 539 3501 Ghymioa
563 3445 671 3501 curiosa,
696 3443 791 3490 Gener.
819 3442 886 3500 1702,
911 3446 929 3489 1.
954 3442 1199 3501 1.p.1ot-21o.u

130 3506 273 3552 Christiani
289 3502 401 3564 Hnge'nii
417 3504 529 3564 epistola
546 3506 578 3552 ad
595 3505 701 3552 fratrem
717 3505 876 3551 Ludoricum
894 3504 988 3563 (Paria,
1006 3505 1033 3550 11
1045 3503 1107 3562 flur.
1122 3506 1200 3564 1661),

130 3582 185 3625 quae
209 3567 329 3625 Lugduni
353 3568 509 3613 Batavorum
533 3571 657 3624 servatur,
673 3568 727 3614 haec
745 3568 838 3614 addere
854 3567 932 3613 libet:
949 3568 980 3614 le
996 3580 1060 3613 vous
1077 3570 1199 3615 remercie

132 3632 163 3675 de
180 3630 305 3676 l'histoire
324 3630 354 3675 de
372 3629 397 3676 la
413 3631 497 3688 pierre
513 3630 692 3690 philosophale
709 3644 769 3677 sans
786 3633 910 3690 pourtant
925 3644 941 3688 y
958 3631 1075 3689 adjouter
1091 3644 1141 3677 une
1157 3632 1200 3689 foy

133 3694 238 3749 entiere‚
263 3706 309 3751 par
333 3706 361 3738 ce
383 3706 432 3750 que
448 3693 474 3751 Je
491 3693 597 3752 cognois
614 3706 642 3739 ce
659 3694 726 3752 petit
742 3694 856 3750 doctenr,
873 3695 900 3738 61
916 3706 976 3750 scay
992 3693 1053 3751 qu’il
1070 3695 1137 3739 n’est
1152 3707 1199 3752 666

132 3755 241 3801 autheur
257 3754 309 3800 fort
325 3755 500 3813 authentique.
520 3781 546 3788 —
564 3755 689 3802 Caeterum
701 3769 766 3802 anno
781 3755 848 3813 1687,
859 3755 928 3801 idem
939 3755 1073 3801 Helvetius
1081 3756 1197 3801 libellum

131 3817 213 3863 edidit
230 3819 319 3863 contra
335 3815 453 3875 damasii,
470 3817 579 3877 (1666611,
595 3820 622 3864 61
638 3817 753 3877 Spinozm
771 3818 890 3864 66666166.
