2662 4298
475 354 613 393 11101011
637 354 700 395 1111.
1063 336 1122 414 255

10 535 20 570 ³
46 523 129 599 quod
151 542 188 580 011
209 521 295 580 dictis
316 519 388 580 meis
408 520 489 596 sequi
509 520 652 594 videatur,
673 520 976 597 improbossuperbia,
991 522 1123 594 avaritia,
1167 520 1173 529 '

46 601 262 679 desperatione,
295 605 350 660 etc.
382 620 464 677 aeque
495 602 587 659 Deum
608 602 710 672 colere,
733 618 767 659 ac
787 603 894 677 probos
915 601 1118 676 generositate,

46 682 203 760 patientia,
236 701 341 753 0111010,
374 687 439 751 etc,
471 686 626 757 propterea
657 682 731 756 quod
764 681 818 740 Dei
838 683 1018 741 voluntatem
1040 702 1122 742 exse·

10 778 14 815 i
72 766 194 822 uuntur.

10 860 12 867 ·
49 784 72 840 q
94 843 141 901 Ad
161 842 286 918 primum
307 847 340 900 ut
360 842 550 917 respondeam
572 841 644 912 dico,
666 841 854 918 Scriptnmm,
877 841 946 918 quia
959 841 1036 918 plebi
1050 863 1125 919 prae-

46 923 136 998 cipue
166 921 302 981 convenit
322 927 352 980 et
372 921 502 992 inservit,
524 921 660 981 continuo
681 923 808 980 humano
826 936 908 981 more
929 922 1022 998 loqui:
1044 923 1126 999 plebs

49 1003 160 1063 etenim
191 1005 278 1061 rebus
310 1001 479 1060 sublimibus
511 1001 705 1078 percipiendis
735 1002 834 1078 inepta
865 1008 917 1062 est.
939 1003 978 1061 111
998 1003 1060 1063 haec
1081 1008 1125 1061 est

48 1083 138 1152 ratio,
171 1103 223 1141 cur
254 1081 324 1140 mihi
355 1083 558 1158 persuadeam,
591 1102 626 1141 ea
657 1081 762 1153 omnia,
785 1102 848 1158 quae
868 1083 948 1142 Deus
968 1083 1123 1159 Prophetis

51 1163 198 1223 revelavit
230 1164 266 1221 ad
298 1163 420 1221 salutem
452 1182 514 1222 0000
545 1161 716 1230 necessaria,
749 1163 846 1237 legum
867 1163 951 1221 modo
974 1163 1076 1234 scribi3
1098 1168 1128 1222 et

50 1245 110 1302 hoc
131 1249 216 1319 pacto
238 1242 370 1317 integras
390 1243 549 1301 Parabolas
562 1243 718 1319 Prophetae
732 1243 892 1301 finxerunt.
914 1243 1023 1319 Nempe
1035 1243 1128 1319 primo

51 1325 158 1393 Deum,
191 1322 259 1398 quia
291 1322 393 1381 salutis
414 1327 444 1380 et
463 1322 634 1399 perditionis
655 1321 749 1381 media
770 1323 927 1393 revelarat,
949 1343 1127 1399 quorumque

52 1409 120 1463 erat
152 1423 249 1477 causa,
281 1403 375 1462 instar
396 1404 486 1478 Regis
507 1423 541 1461 ac
561 1401 751 1478 Legislatoris
773 1404 1003 1472 adumbraruut3
1023 1403 1127 1475 media,

52 1504 121 1560 quae
153 1483 194 1542 nil
225 1483 281 1542 nisi
313 1503 408 1542 causae
441 1488 517 1555 sunt,
549 1483 644 1558 Leges
676 1483 868 1559 appellarunt,
901 1489 931 1542 et
956 1483 1129 1542 admodum
1194 1517 1196 1521 .

54 1567 168 1639 Legum
201 1564 451 1640 conscripserunt3
483 1564 606 1622 salutem
636 1562 892 1639 perditionemque,
925 1584 990 1640 quae
1012 1563 1053 1622 nil
1073 1562 1129 1622 nisi

53 1646 176 1704 effectus
207 1649 283 1716 sunt,
317 1643 366 1719 qui
397 1643 559 1702 necessario
592 1663 629 1702 ex
661 1643 718 1702 illis
742 1643 844 1702 mediis
864 1645 967 1715 fluunt,
988 1649 1128 1720 tanquam

52 1724 206 1802 praemium
229 1729 258 1783 et
278 1743 393 1800 poenam
413 1729 635 1801 proposuerunt.
656 1727 754 1800 Atque
766 1723 853 1800 juxta
866 1725 942 1783 110110
956 1725 1128 1784 Parabolam

54 1804 151 1880 magis
172 1825 258 1880 quam
276 1806 363 1881 juxta
383 1804 537 1863 veritatem
559 1804 655 1863 omnia
666 1824 719 1863 sua
730 1807 820 1863 verba
831 1804 1010 1877 ordinarunt,
1024 1806 1128 1864 Deum-

54 1905 112 1961 que
133 1885 284 1943 adinstar
306 1883 432 1943 hominis
450 1884 557 1960 passim
579 1890 794 1961 expresserunt,
817 1885 901 1943 modo
915 1885 1031 1957 iratum,
1042 1886 1126 1943 modo

54 1964 279 2036 misericordem,
308 1965 369 2041 jam
390 1965 488 2024 futura
510 1964 730 2038 desiderantem,
749 1965 808 2040 jam
832 1965 893 2024 zelo
917 1970 947 2024 et
968 1964 1130 2042 suspicione

54 2050 184 2121 captum,
216 2045 286 2121 quin
317 2047 354 2103 ab
385 2044 448 2121 ipso
469 2043 590 2103 Diabolo
612 2045 778 2121 deceptum
803 2044 875 2104 adeo
896 2050 929 2104 ut
953 2045 1129 2121 Philosophi,

56 2131 89 2186 et
121 2125 204 2184 simul
225 2135 333 2197 01111100,
355 2125 405 2200 qui
426 2129 494 2183 sunt
515 2145 604 2201 supra
623 2125 740 2200 Legem,
762 2125 817 2182 hoc
838 2129 892 2197 est,
914 2125 964 2201 qui
984 2125 1130 2184 Virtutem

57 2225 117 2264 non
139 2210 173 2264 ut
194 2206 302 2280 Legem
323 2206 373 2264 sed
394 2224 432 2263 ex
453 2224 560 2275 amore,
582 2204 648 2280 quia
668 2203 910 2281 praestantissima
930 2210 983 2278 est,
1006 2225 1127 2280 sequun-

61 2292 120 2356 tur,
142 2285 281 2362 ejusmodi
302 2285 399 2344 verbis
420 2305 479 2344 non
502 2285 627 2344 debeant
649 2283 764 2344 offendi.

104 2366 236 2424 Edictum
261 2386 331 2441 ergo
351 2366 463 2424 Adamo
486 2366 593 2424 factum
617 2363 648 2423 in
670 2365 725 2423 hoc
745 2365 921 2424 solummodo
943 2365 1131 2434 consistebat,

62 2466 166 2523 nempe
197 2447 273 2522 quod
305 2447 384 2504 Deus
413 2446 526 2504 Adamo
557 2445 708 2516 revelavit,
740 2443 771 2498 τὸ
797 2445 882 2504 edere
902 2465 937 2504 ex
958 2445 1008 2504 illa
1029 2448 1132 2504 arbore

62 2532 186 2585 mortem
207 2526 330 2602 operari,
352 2527 590 2602 quemadmodum
611 2530 641 2584 et
661 2525 745 2585 nobis
764 2545 817 2602 per
835 2526 997 2585 naturalem
1006 2525 1132 2584 intellec·

63 2613 126 2667 tum
146 2607 266 2677 1010101,
286 2626 429 2666 venenum
451 2626 514 2665 0000
535 2605 723 2665 mortiferum.
744 2606 774 2666 Si
794 2625 864 2665 1010
885 2626 979 2682 10300,
1000 2605 1132 2682 inquom

63 2689 151 2746 finem
182 2687 237 2745 hoc
268 2687 295 2745 ei
326 2688 489 2746 revelaret?
511 2707 679 2763 responsum
701 2687 746 2758 do,
767 2691 801 2746 ut
822 2707 886 2746 eum
907 2691 990 2746 tanto
1012 2685 1133 2745 scientia

63 2767 265 2844 perfectiorem
286 2767 429 2826 redderet.
452 2768 544 2826 Deum
566 2787 636 2842 0130
657 2767 848 2842 11101103010,
870 2770 1056 2848 quamobrem
1078 2765 1133 2843 ipsi

63 2847 264 2923 perfectiorem
295 2867 354 2906 non
385 2847 496 2906 dederit
526 2848 715 2920 voluntatem,
742 2852 787 2906 est
808 2867 891 2924 aeque
912 2847 1077 2919 absurdum,
1099 2866 1133 2905 ac
1200 2914 1206 2923 ι

63 2929 255 3002 interrogare,
287 2948 339 2986 cur
370 2927 476 2986 circulo
507 2947 607 2986 omnes
638 2928 716 3002 globi
744 2928 937 3004 proprietates
967 2948 1026 2986 non
1047 2925 1134 2986 fuerit

64 3007 198 3082 largitus,
220 3007 263 3066 uti
284 3027 322 3066 ex
342 3028 431 3084 supra
452 3007 536 3066 dictis
556 3007 707 3083 perspicue
728 3008 867 3083 sequitur,
890 3013 919 3067 et
940 3028 995 3083 ego
1018 3007 1134 3066 Scholio

65 3090 165 3163 Prop„
190 3089 238 3147 15.
277 3088 374 3147 Partis
410 3087 510 3164 primae
541 3087 666 3164 Princip.
699 3088 811 3148 (101100.
842 3107 921 3147 more
952 3087 1133 3148 Geometrico

66 3169 254 3227 demonstrat.
277 3167 481 3228 demonstravi.

107 3248 268 3307 Secundam
306 3248 503 3308 difficultatem
541 3247 617 3323 quod
655 3248 769 3320 attinet,
801 3268 903 3307 verum
934 3249 1048 3324 quidem
1080 3252 1134 3316 001,

65 3328 169 3405 impios
200 3328 253 3388 Dei
283 3329 464 3388 voluntatem
486 3348 537 3386 suo
558 3328 642 3387 modo
664 3328 843 3405 exprimere;
865 3328 929 3387 ideo
950 3334 1049 3387 tamen
1070 3347 1135 3386 cum

65 3409 165 3485 probis
195 3409 360 3468 nullatenus
391 3413 459 3467 sunt
480 3408 680 3483 comparandi:
703 3428 758 3484 quo
780 3409 856 3468 enim
876 3409 935 3467 Res
954 3408 1052 3484 aliqua
1070 3408 1136 3484 plus

67 3489 253 3565 perfectionis
272 3491 369 3561 habet,
392 3508 425 3548 00
447 3487 535 3548 etiam
555 3489 648 3564 magis
669 3489 704 3547 de
718 3489 835 3548 Deitate
848 3488 1013 3565 participat,
1026 3488 1136 3564 Deique

66 3569 275 3646 perlectionem
306 3569 442 3646 exprimit
463 3568 565 3643 magis.
588 3569 682 3640 Quum
703 3588 773 3644 ergo
793 3568 877 3646 probi
896 3568 1136 3628 inaestimabiliter

67 3651 133 3726 plus
162 3649 348 3726 perfectionis
379 3670 465 3726 quam
496 3648 619 3725 improbi
650 3650 785 3722 habeant,
819 3649 914 3709 virtus
944 3669 1042 3708 eorum
1071 3669 1135 3709 cum

67 3731 263 3805 improborum
294 3730 404 3790 virtute
432 3729 593 3805 comparari
614 3728 722 3805 nequit,
745 3749 778 3788 00
800 3730 874 3805 quod
895 3729 1018 3806 improbi
1039 3749 1136 3788 0111010

68 3810 184 3882 Divino,
216 3810 265 3887 qui
297 3830 333 3869 ex
365 3810 419 3869 Dei
449 3809 568 3887 profluit
598 3809 772 3886 cognitione,
799 3815 831 3869 'et
852 3829 908 3886 quo
929 3811 989 3869 0010
1010 3829 1064 3868 nos
1084 3828 1136 3885 pro
