2662 4298
548 360 685 398 11161611
706 360 787 399 unxi.
1145 341 1204 398 409

127 533 162 588 16
192 527 284 604 ajunt,
315 528 530 603 postulantque,
563 531 596 586 ut
623 528 658 586 de
686 526 779 585 tribus
807 526 885 585 hisce
913 525 1056 602 capitibus
1076 531 1202 584 mentem

129 613 214 668 tuam
245 607 369 667 dilucide
399 606 521 683 aperias.
553 607 635 678 Quod
662 607 687 665 si
716 606 826 679 feceris,
856 607 888 665 in
913 626 1004 682 eoque
1030 606 1203 665 Christianis

127 687 259 748 cordatis
287 693 316 746 et
344 687 467 758 Ratione
492 687 656 745 valentibus
676 687 827 762 placueris,
849 687 879 744 in
900 692 964 746 tuto
985 707 1032 745 res
1052 691 1119 744 tuas
1139 687 1203 745 fore

127 768 243 844 opinor.
273 769 345 827 Haec
372 767 471 843 paucis
493 772 521 826 te
543 767 617 826 seire
638 767 724 832 volui.
748 768 797 844 qui
817 788 880 826 sum
901 767 944 826 tui
966 766 1202 826 studiosissimus,

133 849 216 908 Vale.

225 981 288 1027 Dab.
306 981 347 1026 die
365 980 539 1027 1616661111.
560 981 627 1027 1675.

126 1096 216 1204 ΓΕΒ.
239 1096 298 1152 Fac,
321 1109 414 1154 quaeso,
438 1096 509 1142 brevi
534 1097 622 1153 sciam,
646 1096 693 1142 has
718 1110 789 1142 meas
814 1097 922 1143 lineolas
948 1096 996 1142 tibi
1022 1097 1071 1141 rite
1096 1096 1205 1141 traditas

142 1171 220 1204 uisse.

484 1479 701 1537 llrrsronn
734 1479 853 1537 LXXII.
912 1478 914 1483 ’

442 1614 611 1671 Doclissimo
633 1614 793 1688 Epistolam
820 1613 890 1670 Viro

465 1744 499 1805 G.
534 1746 570 1804 H.
603 1745 877 1804 SOHULLER

600 1877 736 1936 B.1›.S.

404 2014 560 2088 Responsio
581 2013 621 2070 ed
648 2012 805 2086 Epistolem
829 2013 928 2071 LXX.

160 2146 200 2192 Ex
224 2146 336 2192 editione
360 2146 388 2190 iu
412 2145 598 2204 Supplemento
624 2145 684 2190 anni
710 2144 770 2189 1862
797 2144 831 2202 lp.
849 2144 904 2200 311)
922 2144 998 2190 facta.
1015 2143 1202 2202 Autographon

125 2209 285 2330 {rppsriasssiip
305 2209 423 2254 auctione
448 2208 602 2254 Voorstiana
626 2221 658 2252 m.
683 2205 738 2252 Jan.
764 2222 785 2252 a.
813 2206 880 2252 1860.
903 2206 992 2252 habita
1014 2205 1044 2253 G.
1061 2207 1094 2253 M.
1112 2205 1203 2252 Clauss

252 2387 457 2462 Expertissime
477 2387 526 2456 De.
549 2387 650 2443 Amice
666 2386 830 2460 plurimum
852 2385 971 2456 colende,

172 2520 345 2594 Pergratum
367 2518 437 2577 mihi
457 2518 521 2590 fuit,
544 2538 581 2576 ex
601 2517 693 2578 literis
711 2517 778 2589 tuis,
791 2518 875 2577 hodie
887 2518 1021 2594 acceptis,
1033 2518 1204 2594 intelligere,

126 2600 209 2676 quod
240 2602 314 2658 bene
345 2600 453 2669 valeas
475 2603 505 2657 et
526 2600 601 2673 quod
623 2599 865 2658 Tschirnhausius
887 2604 987 2658 noster
1007 2599 1130 2658 feliciter
1151 2599 1207 2658 iter

130 2699 217 2738 suum
248 2679 279 2738 in
300 2678 421 2738 Galliam
443 2679 609 2738 confecerit.
630 2680 666 2738 In
686 2679 874 2751 sermonibus,
897 2700 1053 2756 quoscum
1075 2681 1124 2739 D0.
1146 2681 1206 2738 Hu-

128 2759 218 2835 genio
250 2760 285 2818 de
315 2779 361 2817 me
392 2759 502 2829 habuit,
535 2761 692 2834 prudenter
716 2780 796 2831 sane,
817 2780 881 2818 meo
904 2760 1018 2835 quidem
1037 2760 1152 2836 judicio,
1175 2781 1206 2819 66

128 2839 231 2915 gessit,
263 2844 292 2898 et
325 2845 468 2915 praeterea
489 2859 670 2914 summopere
692 2841 813 2914 gaudeo,
835 2841 911 2915 quod
932 2845 992 2898 tam
1013 2847 1204 2916 opportunam

127 2919 310 2978 occasionem
343 2921 379 2978 61
410 2921 506 2989 finem,
539 2939 623 2995 quem
645 2919 700 2977 sibi
721 2920 928 2990 destinaverat,
950 2919 1103 2978 invenerit.
1131 2920 1205 2990 Quid

130 3004 230 3058 autem
260 3000 291 3058 in
322 2999 468 3058 axiomata
499 2997 534 3056 4⁰
565 3020 592 3075 p.
627 3000 652 3058 1.
685 2999 834 3075 repererit,
866 3019 904 3057 ex
928 3020 985 3075 quo
1008 3000 1205 3058 contradicere

130 3079 266 3138 videatur
286 3100 368 3156 prop.
391 3083 418 3140 5.
440 3101 469 3156 p.
492 3081 529 3150 2.,
552 3100 611 3138 non
632 3079 731 3152 video;
754 3079 784 3137 in
805 3080 860 3137 hac
881 3079 957 3137 enim
978 3099 1059 3156 prop.
1082 3081 1206 3138 affirme-

128 3165 188 3231 tur,
221 3161 298 3236 quod
329 3160 402 3219 ideae
427 3160 623 3235 cujuscunque
654 3159 787 3218 essentia
818 3161 920 3230 Deum,
942 3164 1085 3234 quatenus
1105 3165 1138 3218 ut
1159 3180 1206 3218 res

129 3240 264 3316 cogitans
285 3240 491 3311 consideratur,
513 3260 565 3315 pro
587 3260 674 3299 cause
695 3241 799 3310 habet3
820 3239 852 3298 in
872 3239 920 3297 illo
935 3244 1031 3298 autem
1050 3239 1204 3310 axiomata,
1240 3272 1244 3281 .

130 3321 209 3395 quod
241 3322 360 3379 effectus
392 3319 518 3396 cognitio
540 3320 601 3378 sive
622 3320 696 3391 idea,
718 3341 735 3378 6
757 3319 920 3395 cognitione
942 3319 1003 3378 sive
1023 3320 1089 3378 idea
1109 3339 1204 3378 causae

131 3401 247 3476 pendet.
280 3400 345 3472 Sed,
378 3406 411 3460 ut
432 3420 533 3459 verum
554 3401 657 3471 fatear,
680 3404 737 3459 116
759 3400 888 3475 epistolae
910 3420 1024 3459 sensum
1047 3401 1102 3458 hae
1122 3399 1153 3458 in
1174 3420 1205 3458 re

130 3500 189 3538 non
222 3481 293 3539 satis
323 3501 469 3556 assequor,
492 3484 521 3538 61
541 3482 589 3539 vel
609 3480 639 3539 in
660 3485 711 3538 116
732 3480 861 3556 epistola,
884 3480 931 3538 vel
951 3480 981 3538 in
1002 3480 1092 3555 ipsius
1112 3499 1204 3538 exem·

128 3560 213 3637 plari,
246 3581 372 3620 errorem
403 3560 571 3620 festinantis
602 3560 704 3619 calami
736 3581 799 3619 esse
831 3561 925 3619 credo.
947 3561 1020 3618 Nam
1042 3560 1151 3634 scribis,
1173 3559 1203 3617 in

128 3660 212 3717 prop.
235 3643 262 3700 5.
284 3641 431 3712 affirmari,
451 3641 549 3699 116616
569 3661 632 3699 6666
653 3661 769 3700 causam
791 3640 961 3698 efficientem
983 3640 1122 3711 idearum,
1138 3660 1203 3698 cum

128 3727 228 3779 tamen
263 3723 318 3780 hoc
347 3722 441 3797 ipsum
472 3721 502 3779 in
533 3723 632 3780 eadem
666 3721 862 3797 propositione
892 3740 1028 3796 expresse
1062 3725 1202 3794 negetur,

129 3806 219 3877 atque
240 3801 308 3860 hinc
328 3823 439 3861 omnem
462 3801 657 3861 confusionem
679 3801 749 3860 oriri
770 3822 846 3860 nuno
867 3800 1010 3871 existimo,
1032 3820 1067 3858 ec
1081 3799 1203 3876 proinde
