2662 4298
430 340 749 380 runouoerco-rommm
770 342 833 380 cnr.
856 341 896 380 vr.
1159 323 1197 380 27

125 505 263 565 distincte
282 504 479 582 intelligimus,
501 507 555 565 Dei
574 527 663 583 opera
683 508 822 578 vocanda,
845 513 875 565 et
896 508 932 565 ad
947 507 1001 565 Dei
1016 507 1196 566 voluntatem

125 587 288 658 referenda,
319 607 402 662 quam
435 607 478 658 ea,
511 607 574 662 quae
606 588 692 663 plane
722 587 900 662 ignoramus,
933 587 1065 662 quamvis
1095 587 1197 662 imagi·

126 666 275 729 nationem
310 668 393 726 valde
424 673 573 742 occupent,
605 673 635 726 et
665 668 795 726 homines
829 667 861 725 in
897 667 1115 725 admirationem
1150 667 1196 726 sui

125 747 259 824 rapiant3
297 747 525 823 quandoquidem
564 768 598 807 ea
636 749 698 806 sola
731 747 851 806 Naturae
888 767 986 823 opera,
1021 768 1085 823 quaa
1119 748 1198 806 clare

127 832 158 886 et
192 826 327 886 distincte
359 827 555 902 intelligimus,
588 828 643 886 Dei
673 828 866 903 cognitionem
898 828 1023 886 reddunt
1054 828 1194 886 sublimio·

126 927 197 977 rem,
230 911 260 966 et
290 907 345 965 Dei
374 909 554 966 voluntatem
586 913 615 966 et
636 908 752 966 decreta
773 928 859 983 quem
880 908 1036 966 clarissime
1056 909 1197 967 indicant.

126 986 154 1048 Ii
186 986 275 1062 igitur
306 988 392 1064 plane
423 993 580 1062 nugantur,
616 987 673 1062 qni,
709 988 758 1046 ubi
792 1007 853 1046 rem
888 988 1034 1063 ignorant.
1070 989 1105 1046 ad
1145 989 1196 1046 Dei

127 1068 308 1126 voluntatem
339 1074 506 1137 recurrunt,
527 1068 664 1127 ridiculus
685 1088 754 1126 sane
775 1069 877 1126 modus
896 1068 1092 1143 ignorantiam
1113 1070 1199 1144 profi·

127 1147 217 1207 tendi.
253 1149 353 1219 Porro,
396 1149 527 1223 quamvis
558 1168 595 1206 ex
625 1148 771 1206 miraculis
802 1148 908 1223 aliquid
940 1149 1110 1207 concludere
1134 1169 1196 1224 pos·

128 1248 233 1296 semus,
262 1229 341 1286 nullo
370 1233 467 1286 tamen
495 1229 578 1286 modo
600 1227 653 1286 Dei
673 1229 829 1287 existentia
849 1228 916 1286 inde
937 1234 1034 1303 posset
1056 1228 1196 1287 concludi.

128 1308 211 1379 Nam,
228 1328 293 1366 cum
306 1308 476 1367 miraculum
490 1329 561 1384 opus
576 1309 728 1367 limitatum
742 1308 790 1379 sit,
806 1328 860 1366 nec
875 1328 1009 1382 unquam,
1021 1308 1077 1366 nisi
1089 1314 1199 1367 certam

128 1393 158 1447 et
177 1388 332 1447 limitatam
353 1389 511 1464 potentiam
533 1388 684 1464 exprimat,
707 1393 817 1448 certum
839 1394 892 1460 est,
909 1408 962 1446 nos
976 1408 1014 1446 ex
1027 1389 1080 1446 tali
1094 1390 1197 1447 effectu

128 1489 186 1527 non
207 1487 293 1544 posse
314 1469 483 1527 concludere
504 1469 689 1528 existentiam
710 1489 815 1537 causeo,
838 1469 919 1544 cujus
939 1469 1070 1544 potentia
1084 1469 1122 1526 sit
1135 1469 1196 1526 inli·
1251 1516 1254 1520 .

128 1549 199 1620 nita,
222 1548 273 1606 sed
295 1549 331 1606 ad
352 1568 494 1607 summum
515 1569 620 1617 causac,
642 1549 725 1624 cujus
745 1549 877 1625 potentia
897 1549 989 1624 major
1010 1549 1056 1607 sit.
1072 1549 1143 1607 Dico
1157 1551 1199 1607 ud

128 1649 292 1704 summum
321 1634 417 1704 potest
448 1629 523 1688 enim
553 1629 639 1687 etiam
666 1629 802 1704 consequi
823 1649 860 1687 ex
880 1629 979 1687 multis
999 1628 1094 1687 causis
1114 1629 1198 1688 simul

130 1709 369 1768 concurrentibus
389 1729 461 1784 opus
481 1709 606 1785 aliquod,
629 1709 710 1784 cujus
731 1709 846 1785 quidem
860 1709 905 1767 vis
919 1713 948 1767 et
961 1708 1091 1785 potentia
1106 1709 1201 1767 minor

129 1788 168 1848 sit
187 1789 325 1864 potentia¹
342 1789 467 1847 omnium
489 1810 642 1849 causarum
663 1789 756 1859 simul,
779 1795 810 1848 at
823 1787 840 1821 *
860 1790 947 1864 longe
962 1789 1053 1864 major
1067 1790 1198 1865 potentia

130 1868 357 1944 uniuscujusque
378 1889 479 1928 causae.
504 1872 545 1928 At
566 1869 699 1944 quoniam
721 1870 841 1928 Naturae
862 1869 941 1944 leges
963 1872 1007 1943 (ut
1025 1870 1085 1944 jam
1105 1875 1206 1928 osten·v

131 1949 237 2023 dimus)
266 1949 302 2007 ad
322 1949 437 2008 infinita
458 1970 488 2007 se
509 1950 679 2015 extendunt,
701 1955 731 2007 et
751 1952 804 2008 sub
825 1950 949 2025 quadam
970 1950 1064 2025 specie
1086 1949 1198 2008 aeterni·

131 2029 201 2088 tati's
221 2049 239 2088 a
260 2029 344 2088 nobis
363 2029 573 2105 concipiuntur,
595 2034 624 2088 et
645 2029 757 2089 Natura
778 2030 935 2088 secundum
956 2049 1005 2088 eas
1020 2035 1098 2089 certo
1114 2036 1202 2105 atque

131 2109 303 2168 immutabili
324 2109 423 2168 ordine
444 2111 590 2185 procedat,
612 2109 683 2185 ipsae
705 2109 788 2168 nobis
809 2114 929 2169 eatenus
950 2111 1003 2168 Dei
1017 2110 1200 2180 infinitatem,

131 2189 335 2259 aeternitatem,
357 2194 386 2248 et
404 2190 665 2248 immutabilitatem
687 2190 785 2266 aliquo
806 2191 889 2248 modo
910 2190 1046 2248 indicant.
1081 2190 1199 2248 Conclu-

129 2269 222 2328 dimus
252 2268 360 2346 itaque,
389 2290 441 2328 nos
469 2291 521 2345 per
541 2270 680 2329 miracula
701 2271 802 2340 Deum,
825 2271 942 2346 ejusque
964 2269 1147 2327 existentiam
1168 2274 1199 2326 et

128 2349 350 2425 providentiam,
373 2370 546 2424 cognoscere
569 2370 626 2408 nou
648 2370 740 2425 posse,
762 2351 812 2409 sed
834 2352 896 2409 haec
917 2351 1002 2423 longe
1017 2349 1118 2407 melius
1133 2369 1198 2406 con·

129 2430 205 2489 cludi
237 2449 274 2488 cx
307 2429 424 2489 Naturae
445 2431 503 2488 fixo
527 2436 614 2506 atque
634 2431 807 2489 immutabili
828 2430 936 2489 ordine.
958 2431 1073 2505 Loquor
1093 2429 1123 2486 in
1145 2430 1199 2487 hac

130 2510 312 2568 conclusione
334 2511 369 2568 de
390 2511 536 2579 miraculo,
560 2515 703 2586 quatenus
725 2531 776 2586 per
796 2511 825 2568 id
841 2511 912 2569 nihil
926 2510 1002 2569 aliud
1018 2509 1199 2585 intelligitur,

130 2610 216 2665 quam
248 2610 328 2666 opus,
359 2592 434 2665 quod
454 2591 600 2649 hominum
623 2598 738 2666 captum
761 2597 888 2666 superat,
912 2596 963 2649 aut
983 2611 1120 2665 superare
1141 2609 1199 2648 cre·

129 2670 222 2739 ditur;
254 2690 321 2728 nam
350 2676 493 2745 quatenus
524 2676 735 2746 supponeretur
763 2671 891 2730 ordinem
913 2671 1031 2730 Naturae
1052 2672 1203 2729 destrucre

129 2751 191 2809 sive
212 2750 431 2826 interrumpere,
454 2756 505 2809 aut
526 2752 588 2827 ejus
605 2751 718 2825 legibus
733 2772 905 2826 repugnare,
921 2755 1040 2809 eatenus
1055 2752 1100 2824 (ut
1113 2751 1197 2809 nrodo

130 2831 320 2902 ostendimus)
352 2851 410 2889 non
443 2836 556 2890 tantum
585 2832 691 2889 nullam
714 2832 768 2890 Dei
789 2831 981 2906 cognitionem
1004 2833 1072 2889 dare
1093 2834 1199 2906 posset,

130 2912 180 2970 sed
213 2914 315 2969 contra
345 2911 432 2980 illam,
455 2932 541 2987 quam
563 2912 734 2970 naturaliter
755 2913 903 2982 habemus,
926 2911 1073 2982 adimeret,
1097 2916 1126 2969 et
1147 2931 1202 2969 nos

131 2992 167 3049 de
187 2992 258 3057 Deo,
281 2996 311 3050 et
331 2992 471 3062 omnibus,
492 2991 625 3050 dubitare
645 2994 763 3051 faceret.
785 2992 885 3067 Neque
905 2991 952 3050 bic
972 2992 1059 3049 ullam
1074 3011 1201 3064 agnosco

131 3071 322 3130 differentiam
343 3071 420 3130 inter
440 3092 511 3147 opus
532 3077 633 3130 contra
655 3073 804 3144 Naturam,
830 3078 859 3130 et
873 3092 945 3147 opus
959 3092 1047 3147 supra
1061 3071 1202 3130 Naturam

132 3152 199 3225 (hoc
230 3156 284 3220 est,
316 3156 349 3209 ut
368 3152 494 3226 ,quidam
527 3153 617 3227 ajunt,
649 3172 729 3228 opus,
763 3153 837 3227 quod
870 3152 983 3227 quidem
1003 3152 1121 3210 Naturae
1143 3171 1201 3209 non

131 3236 286 3306 repugnat,
313 3237 441 3290 attamen
463 3234 499 3290 ab
520 3233 583 3307 ipsa
604 3253 662 3290 non
681 3238 777 3309 potest
798 3233 917 3308 produci
938 3237 989 3290 aut
1011 3231 1111 3302 effici);
1134 3251 1200 3288 nam

132 3331 197 3370 cum
228 3310 396 3370 miraculum
429 3332 486 3370 non
517 3319 602 3371 extra
629 3313 780 3380 Naturam,
803 3313 853 3370 sed
873 3312 904 3370 in
924 3312 987 3386 ipsa
1008 3311 1120 3368 Natura
1142 3311 1203 3382 fiat,

132 3391 265 3467 quamvis
286 3411 373 3467 supra
394 3392 535 3451 Naturam
557 3397 711 3464 statuatur,
727 3399 825 3451 tamen
840 3411 957 3450 necesse
972 3396 1024 3456 est,
1040 3396 1073 3448 ut
1084 3389 1203 3449 Naturae

132 3471 262 3530 ordinem
292 3471 494 3548 interrumpat,
519 3493 603 3549 quem
624 3474 696 3532 alias
718 3476 807 3531 fixum
828 3477 915 3548 atque
938 3470 1143 3529 immutabilem
1165 3490 1203 3528 cx

133 3552 188 3609 Dei
218 3551 342 3610 decretis
370 3553 554 3628 concipimus.
577 3554 692 3628 Siquid
715 3553 805 3628 igitur
825 3553 856 3610 iu
876 3551 989 3610 Natura
1009 3552 1101 3619 fieret,
1124 3551 1202 3626 quod

133 3650 173 3690 ex
200 3631 291 3707 ipsius
321 3633 433 3706 legibus
464 3654 522 3691 non
552 3639 728 3709 sequeretur,
757 3634 786 3691 id
806 3631 967 3690 necessario
989 3631 1091 3710 ordini,
1115 3651 1200 3706 quem

137 3758 351 3772 ..,—.-.—

151 3829 155 3836 ·
169 3809 181 3835 ⁸¹
197 3811 243 3854 Ed.
261 3811 314 3856 Pu:
331 3825 366 3856 ac.
