2662 4298
556 346 698 388 uuisioni
718 348 768 388 xv,
1139 329 1198 388 243

126 516 207 574 intra
228 516 300 574 duas
321 515 517 573 hebdomadas
537 515 740 591 composuisse.
762 518 817 575 hoc
838 515 914 574 enim
928 516 1100 592 praemonito
1114 535 1198 575 nemo

127 595 252 672 putabit,
280 597 343 654 haec
368 596 439 654 adeo
461 597 538 655 clare
557 596 690 672 proponi,
713 601 746 654 ut
767 616 832 671 quae
853 595 960 655 clarius
980 596 1120 672 explicari
1140 616 1198 655 non

127 681 257 753 possent,
286 676 415 751 adeoque
443 675 563 734 verbulo
590 696 648 735 uno
676 681 727 735 aut
756 677 857 748 altero,
880 676 954 752 quod
975 677 1051 735 forte
1071 676 1119 735 hic
1138 676 1197 736 illic

129 759 283 815 obscurum
312 756 458 814 offendent
472 759 498 826 *,
527 775 586 815 non
612 756 772 816 haerebunt.
801 754 845 815 2⁰.
867 757 968 815 vellem
990 776 1131 829 moneres,
1152 776 1199 815 me

128 838 222 895 multa
243 837 299 894 alio
320 836 404 894 modo
426 855 512 912 quam
533 836 692 896 allartesio
704 838 902 896 demonstrata
911 840 980 895 sunt
991 837 1198 907 demonstrare,

129 937 190 975 non
210 921 243 974 ut
263 915 423 975 Cartesium
445 915 597 992 corrigam,
619 918 670 975 sed
690 921 805 976 tantum
825 922 858 975 ut
878 936 972 975 meum
993 917 1121 976 ordinem
1143 936 1200 976 me·

130 998 187 1055 lius
207 996 356 1068 retineam,
381 1001 410 1054 et
431 1016 582 1055 numerum
603 997 780 1056 axiomatum
802 996 923 1056 nonita
944 1017 1090 1073 augerem.
1104 1001 1135 1056 et
1145 999 1200 1056 hac

133 1077 221 1136 etiam
248 1077 283 1134 de
311 1096 399 1134 causa
426 1078 526 1148 multa,
548 1096 613 1152 quae
634 1097 653 1136 a
673 1077 803 1137 Cartesio
824 1078 902 1136 nuda
923 1077 986 1136 sine
1008 1078 1066 1137 ulla
1087 1078 1200 1136 demon-

131 1157 277 1216 stratione
312 1163 521 1232 proponuntur.
557 1157 764 1230 demonstrare,
800 1162 830 1216 et
860 1157 926 1228 alia,
958 1177 1023 1232 quae
1055 1157 1202 1218 (lartesius

130 1237 220 1296 missa
240 1235 318 1307 fecit,
341 1237 447 1295 addere
468 1236 609 1297 debuisse.
631 1237 755 1314 denique
776 1237 942 1296 enixissime
962 1243 992 1296 te
1006 1257 1111 1313 rogare
1125 1239 1200 1309 volo,

131 1317 223 1376 amice
254 1316 430 1389 charissime,
462 1322 495 1375 ut
522 1317 581 1388 illa,
611 1338 676 1393 quoe
697 1318 729 1376 in
750 1318 808 1376 fine
831 1317 980 1394 scripsisti.
1002 1317 1033 1376 in
1052 1317 1133 1376 illum
1153 1318 1202 1376 ho-

131 1398 299 1456 munculum
326 1396 415 1455 missa
440 1398 560 1468 faceres,
587 1397 708 1474 ipsaque
729 1417 848 1474 prorsus
868 1398 987 1457 deleres.
1013 1398 1051 1456 Et
1072 1397 1204 1473 quamvis

133 1478 170 1535 ad
191 1478 246 1535 hoc
265 1482 295 1535 te
316 1478 478 1552 rogandum
499 1478 598 1536 multae
619 1498 664 1536 me
686 1483 823 1538 moveant
836 1478 975 1550 rationes,
990 1498 1077 1537 unam
1088 1482 1203 1537 tantum

133 1558 269 1628 reddam;
299 1558 401 1616 vellem
429 1557 514 1630 enim,
535 1562 569 1616 ut
589 1578 688 1617 omnes
709 1558 763 1618 sibi
783 1558 868 1617 facile
887 1559 1062 1635 persuadere
1081 1558 1203 1635 possint,

135 1639 200 1696 haec
220 1637 250 1695 in
271 1637 398 1696 omnium
419 1637 566 1696 hominum
589 1639 712 1713 gratiam
735 1638 875 1714 evulgari,
897 1643 983 1714 teque
996 1639 1027 1697 in
1041 1640 1097 1698 hoc
1107 1638 1204 1699 libello

135 1718 246 1776 edendo
273 1718 333 1776 solo
361 1717 495 1777 veritatis
521 1719 719 1795 propagandae
740 1719 882 1778 desiderio
902 1719 1005 1792 teneri,
1027 1724 1112 1794 teque
1133 1719 1205 1778 adeo

136 1798 262 1856 maxime
293 1817 404 1867 curare,
436 1803 469 1857 ut
489 1799 544 1857 hoc
565 1800 734 1875 opusculum
755 1799 888 1859 omnibus
909 1805 1026 1875 gratum
1047 1799 1093 1870 sit,
1116 1798 1204 1858 homi·

136 1898 246 1954 nosque
271 1879 308 1936 ad
336 1898 415 1937 verae
441 1878 632 1954 philosophiae
660 1879 786 1938 studium
812 1881 951 1939 benevole
971 1883 1060 1956 atque
1081 1879 1206 1955 benigne

134 1958 261 2017 invitare
288 1958 471 2033 omniumque
499 1958 619 2018 utilitati
646 1961 771 2019 studere.
802 1960 877 2035 quod
905 1960 989 2019 facile
1009 1960 1206 2035 unusquisque

135 2039 243 2108 credet,
273 2039 321 2096 ubi
347 2039 490 2097 neminem
518 2039 585 2098 laedi
613 2039 731 2111 videbit,
762 2059 816 2099 nec
842 2039 951 2116 aliquid
978 2040 1109 2116 proponi,
1131 2039 1207 2114 quod

135 2118 223 2178 alicui
251 2118 422 2178 offendiculo
450 2138 513 2177 esse
540 2123 645 2194 potest.
676 2114 765 2190 Quod
786 2119 810 2178 si
835 2124 935 2178 tamen
954 2124 1056 2195 postea
1076 2119 1206 2191 viriste,

136 2204 188 2258 aut
215 2199 296 2271 alius,
326 2218 409 2257 suum
435 2199 609 2258 malevolum
630 2199 757 2259 animum
778 2200 931 2258 ostendere
951 2199 1038 2258 velit:
1060 2203 1123 2258 tum
1144 2199 1207 2274 ejus

137 2280 227 2338 vitam
258 2284 288 2337 et
318 2299 413 2338 mores
444 2299 503 2338 non
533 2280 595 2338 sine
626 2281 768 2356 applausu
799 2279 955 2356 depingere
985 2279 1103 2356 poteris.
1135 2281 1207 2338 Peto

135 2359 236 2435 igitur,
258 2363 291 2418 ut
312 2379 438 2435 eousque
459 2364 613 2435 expectare
633 2379 692 2419 non
714 2359 854 2435 graveris,
875 2366 962 2437 teque
983 2379 1105 2418 exorare
1119 2359 1206 2429 sinas,

136 2445 167 2498 et
186 2459 233 2498 me
252 2439 306 2498 tibi
327 2439 554 2499 addictissimum
576 2441 685 2512 credas,
707 2445 796 2516 atque

792 2523 871 2580 omni
889 2523 984 2580 studio
1005 2529 1087 2579 tuum

875 2601 909 2659 Β.
931 2620 969 2660 nn
990 2601 1128 2660 Samon.

168 2680 312 2738 Voorburgi
330 2681 352 2726 3.
370 2682 474 2739 angusti
492 2681 560 2726 1663.

178 2770 297 2828 Amicus
328 2770 364 2828 de
395 2769 481 2828 Vries
511 2771 576 2829 haec
607 2790 703 2830 secum
730 2771 807 2830 ferre
833 2771 1006 2848 promiserat
1020 2775 1045 2843 *,
1071 2771 1122 2829 sed
1143 2769 1210 2845 quia

138 2850 232 2909 nescit
253 2850 368 2926 quando
390 2851 426 2908 ad
449 2870 501 2909 vos
522 2870 693 2910 reversurus
713 2855 767 2923 est,
788 2871 841 2926 per
862 2851 949 2911 alium
969 2851 1062 2910 mitto.
1209 2853 1211 2858 ’

179 2929 234 2988 His
258 2929 312 2988 tibi
332 2929 417 2988 simul
438 2929 521 2989 mitto
542 2935 655 3006 partem
676 2930 778 2990 scholii
798 2951 881 3007 prop.
903 2932 951 2990 27.
973 2931 1066 3008 partis
1086 2931 1114 2990 2.
1137 2930 1211 2988 sicut

138 3010 247 3087 pagina
276 3012 323 3069 75.
352 3010 464 3086 incipit,
492 3016 526 3069 ut
545 3011 640 3086 ipsum
660 3013 845 3088 typographo
866 3012 975 3079 tradas,
997 3016 1026 3070 et
1047 3012 1141 3070 denuo
1161 3010 1211 3067 im-

160 3091 291 3150 rimatur.

140 3112 159 3167 p
181 3172 254 3230 Haeo
279 3190 343 3246 quae
364 3170 412 3229 hic
426 3170 518 3232 ,mitto
540 3171 647 3230 debent
667 3171 830 3231 necessario
852 3171 946 3230 denuo
966 3169 1091 3247 imprimi
1112 3175 1141 3228 et
1163 3171 1209 3228 14.

140 3252 187 3310 vel
210 3252 256 3309 15.
279 3251 388 3326 regulae
410 3250 478 3309 addi
499 3252 614 3321 debent,
638 3271 704 3328 quae
726 3252 873 3310 commode
893 3256 1016 3326 possunt
1035 3249 1183 3309 intertexi.

173 3446 184 3466 ⁹
216 3447 324 3504 Respice
341 3460 398 3505 pag.
416 3445 470 3491 242.
488 3459 545 3491 ann.
