2662 4298
430 348 747 386 rusouooroo-roarrior
769 349 833 387 oar.
854 348 905 388 xv.
1142 332 1199 389 119

130 520 180 577 sed
208 538 244 575 ex
267 536 336 576 vero
358 516 452 574 animo
476 515 614 588 docuisse,
636 515 766 574 homines
787 515 949 575 obedientia
969 521 999 574 et
1019 518 1075 575 fide
1096 519 1197 576 beatos

129 598 206 669 fieri;
240 602 270 655 et
301 596 368 673 quia
399 598 454 655 hoc
484 596 603 672 insuper
633 595 724 670 signis
750 597 1003 666 confirmaverunt,
1025 597 1093 655 hinc
1113 598 1197 656 nobis

130 679 345 754 persuademus,
368 696 417 735 eos
438 697 495 735 non
516 682 624 734 temere
643 676 673 733 id
695 675 810 745 dixisse,
833 697 925 752 neque
946 677 1112 735 dehravisse
1128 679 1197 736 dum

129 759 359 834 prophetabant;
380 757 411 815 in
433 777 488 832 quo
502 757 589 815 etiam
603 756 698 831 magis
708 757 919 830 confirmamur,
933 758 1000 815 dum
1011 758 1197 830 attendimus,

129 840 204 914 quod
227 837 298 896 nihil
318 838 426 895 morale
448 838 616 907 docuerunt,
638 837 713 912 quod
735 857 799 894 cum
820 837 944 895 Ratione
962 837 1197 913 planissimenon

129 918 301 988 conveniat;
323 938 390 975 nam
411 938 469 976 non
491 922 599 975 temere
620 922 672 987 est,
695 917 770 991 quod
791 919 911 976 verbum
933 917 986 976 Dei
1001 917 1031 975 in
1042 919 1198 994 Prophetis

128 1020 193 1057 cum
214 999 278 1074 ipso
299 999 387 1056 verbo
408 999 463 1056 Dei
483 998 513 1055 in
535 997 618 1055 nobis
638 998 773 1071 loquente
794 998 909 1055 omnino
925 998 1086 1056 conveniat.
1098 1000 1198 1074 Atque

126 1080 201 1147 haec,
224 1080 350 1152 inquam,
372 1098 425 1137 nos
447 1097 529 1154 aeque
551 1077 622 1135 certi
643 1097 679 1135 ex
701 1077 810 1148 Bibliis,
833 1098 867 1136 ac
887 1077 952 1150 olim
968 1078 1063 1137 Judaei
1081 1079 1198 1136 exviva

130 1179 202 1217 voce
224 1159 435 1234 Prophetarum
456 1160 521 1217 haec
541 1158 640 1215 eadem
662 1157 880 1216 concludebant.
901 1157 975 1215 Nam
997 1178 1085 1234 supra
1100 1158 1129 1216 in
1139 1160 1199 1217 fine

129 1241 199 1314 Cap.
222 1240 267 1297 12.
286 1238 471 1309 ostendimus,
490 1237 669 1313 Scripturam
679 1237 792 1295 ratione
802 1237 979 1296 doctrinaeet
986 1239 1200 1313 praecipuarum

128 1320 316 1378 historiarum
347 1318 544 1394 incorruptam
576 1318 611 1375 ad
644 1322 760 1381 nostras
779 1337 882 1375 manus
902 1318 1077 1392 pervenisse.
1101 1319 1198 1388 Quare

126 1401 183 1457 hoc
221 1398 311 1457 totius
349 1398 514 1473 Theologiae
554 1401 584 1456 et
618 1397 774 1473 Scripturas
805 1398 1033 1467 fundamentum,
1066 1393 1200 1473 quamvis

90 1536 95 1542 .
128 1478 335 1537 mathematica
356 1478 600 1537 demonstratione
621 1477 733 1536 ostendi
755 1483 887 1552 nequeat,
901 1483 1079 1536 sanotamen
1089 1479 1199 1554 judicio

130 1559 340 1634 amplectimur.
363 1558 436 1616 Nam
457 1559 572 1616 inscitia
593 1558 707 1632 quidem
727 1563 780 1628 est,
792 1558 830 1627 id,
843 1559 919 1633 quod
930 1563 974 1616 tot
985 1559 1198 1634 Prophetarum

130 1639 305 1698 testimoniis
337 1640 537 1697 confirmatum
568 1645 621 1709 est,
654 1643 684 1696 et
710 1658 747 1696 ex
768 1658 825 1713 quo
845 1658 981 1713 magnum
1004 1640 1131 1697 solamen
1151 1639 1197 1711 iis,

83 1789 86 1793 ¹
128 1719 179 1794 qui
200 1719 324 1777 Ratione
345 1739 403 1776 non
423 1719 466 1777 ita
486 1719 603 1794 pollent,
625 1718 726 1787 oritur,
749 1723 778 1777 et
789 1716 965 1794 Reipublicae
976 1739 1034 1776 non
1046 1719 1200 1778 mediocris

128 1800 240 1858 utilitas
272 1799 411 1875 seqnitur,
444 1804 474 1856 et
505 1799 579 1873 quod
612 1799 742 1856 absolute
774 1798 835 1857 sine
866 1799 992 1874 periculo
1020 1805 1072 1858 aut
1093 1801 1199 1858 damno

129 1881 248 1938 credere
268 1899 428 1955 possumus,
451 1880 526 1937 nolle
546 1883 643 1936 tamen
665 1878 915 1954 amplecti,·idque
936 1899 970 1937 ea
980 1881 1042 1937 sola
1053 1881 1088 1937 de
1099 1900 1199 1945 causa,

128 1959 196 2035 quia
228 1959 432 2017 mathematice
463 1958 654 2017 demonstrari
685 1958 798 2033 nequit:
831 1959 914 2034 quasi
946 1979 1014 2017 vero
1045 1960 1081 2018 ad
1106 1959 1198 2018 vitam

127 2040 275 2116 sapienter
302 2039 508 2098 instituendam
531 2039 602 2097 nihil
622 2043 761 2113 tanquam
782 2058 883 2096 verum
905 2039 1098 2109 admittamus,
1121 2041 1199 2116 quod

127 2120 188 2178 ulla
220 2119 369 2178 dubitandi
401 2121 513 2178 ratione
542 2119 572 2176 in
604 2119 722 2177 dubium
753 2119 885 2177 revocari
916 2124 1012 2194 queat,
1044 2125 1096 2177 aut
1120 2121 1197 2195 quod

99 2232 105 2244 ·
127 2201 275 2276 pleraeque
306 2205 414 2258 nostrae
447 2199 576 2258 actiones
600 2218 658 2256 non
679 2199 831 2256 admodum
852 2198 971 2257 incertae
992 2199 1059 2270 sint,
1082 2204 1112 2257 et
1133 2201 1199 2257 alea

128 2282 233 2356 plenae.
255 2280 395 2355 Equidem
416 2281 518 2349 fateor,
541 2278 589 2354 qui
610 2283 715 2354 putant
736 2278 950 2354 Philosophiam
969 2284 999 2337 et
1009 2279 1197 2354 Theologiam

130 2360 185 2418 sibi
206 2360 329 2418 invicem
352 2359 557 2428 contradicere,
580 2363 610 2417 et
630 2364 784 2434 propterea
805 2360 974 2417 alterutram
996 2379 1011 2416 e
1032 2379 1084 2417 suo
1105 2379 1199 2434 regno

129 2442 342 2499 deturbandam
363 2440 539 2508 existimant,
562 2444 591 2497 et
611 2439 679 2497 huic
700 2444 750 2497 aut
771 2439 812 2497 illi
832 2439 1058 2504 valedicendum.
1074 2459 1123 2498 eos
1138 2460 1197 2498 non

128 2523 238 2595 absque
268 2521 382 2579 ratione
414 2521 539 2588 studere,
572 2519 738 2595 Theologiae
769 2519 852 2577 firma
882 2521 1071 2578 fundamenta
1089 2521 1198 2595 jacere,

128 2621 251 2676 eamque
259 2601 462 2659 mathematice
469 2601 667 2659 demonstrare
675 2599 781 2658 conari.
792 2600 861 2670 Quis
869 2600 954 2670 enim,
964 2600 1019 2658 nisi
1027 2601 1197 2676 desperatus

128 2686 159 2739 et
179 2681 307 2752 insanus,
329 2681 447 2739 Rationi
467 2686 575 2738 temere
589 2680 749 2739 valedicere
766 2681 863 2752 vellet,
876 2682 922 2739 vel
932 2686 1010 2739 artes
1021 2687 1051 2738 et
1061 2681 1200 2739 scientias

127 2767 321 2830 contemnere,
356 2766 385 2819 et
416 2761 548 2819 Rationis
579 2761 779 2819 certitudinem
802 2765 929 2835 negare?
950 2763 991 2819 At
1011 2761 1125 2821 interim
1148 2781 1201 2820 eos

128 2843 260 2900 absolute
291 2861 428 2899 excusare
459 2861 517 2899 non
547 2860 708 2916 possumus,
742 2842 971 2916 quandoquidem
994 2842 1146 2899 Rationem
1166 2841 1198 2900 in

128 2921 269 2980 auxilium
292 2941 396 2980 vocare
417 2922 519 2980 volunt
540 2922 576 2979 ad
598 2922 716 2979 eandem
739 2922 940 2996 repellendam,
953 2922 1201 2980 etcertaratione

128 3003 249 3060 eandem
271 3001 411 3059 incertam
434 3002 554 3059 reddere
575 3006 726 3059 conantur.
741 3001 803 3058 Irno
818 3002 884 3058 dum
899 3003 1024 3074 student,
1041 3002 1200 3059 mathema·

127 3082 193 3140 ticis
227 3081 519 3140 demonstrationibus
551 3080 716 3155 Theologiae
748 3080 901 3138 veritatem
936 3087 965 3138 et
989 3081 1197 3139 authoritatem

127 3163 289 3232 ostendere,
311 3167 341 3219 et
362 3161 478 3220 Rationi
499 3166 530 3219 et
549 3160 664 3218 Lumini
682 3160 816 3218 Naturali
839 3161 1046 3219 authoritatem
1061 3161 1199 3231 adimere,

128 3241 201 3299 nihil
218 3242 295 3300 aliud
310 3242 429 3314 faciunt,
442 3262 527 3317 quam
539 3240 630 3316 ipsam
642 3240 827 3314 Theologiam
839 3243 892 3298 sub
903 3240 1035 3298 Rationis
1045 3240 1198 3314 imperium

127 3323 255 3393 trahere,
289 3327 319 3380 et
349 3323 433 3397 plane
454 3322 590 3380 videntur
611 3341 780 3396 supponere,
803 3320 969 3395 Theologiae
990 3320 1197 3378 authoritatem

120 3403 238 3460 nullum
260 3403 368 3460 habere
389 3403 578 3478 splendorem,
600 3401 656 3459 nisi
676 3400 782 3459 lumine
796 3400 921 3458 naturah
932 3399 1064 3458 Rationis
1074 3399 1198 3458 illustre-

129 3489 187 3540 tur.
210 3483 256 3550 Et,
279 3482 302 3539 si
324 3487 426 3540 contra
444 3483 566 3557 jactant,
589 3501 619 3539 se
639 3481 753 3539 interno
775 3480 899 3556 Spiritus
920 3479 1019 3539 Sancti
1032 3479 1200 3538 testimonio

80 3610 81 3615 ,
128 3562 246 3620 omnino
268 3562 459 3637 acquiescere,
482 3568 511 3620 et
532 3562 611 3619 nulla
632 3561 689 3618 alia
703 3563 738 3619 de
753 3581 840 3619 causa
851 3561 1003 3619 Rationem
1017 3560 1046 3618 in
1059 3559 1196 3618 auxilium

128 3663 242 3708 vocare,
266 3664 352 3718 quam
374 3660 493 3718 propter
512 3641 650 3713 infideles,
666 3642 701 3699 ad
718 3642 831 3699 eosdem
846 3641 954 3700 scilicet
968 3641 1199 3699 convincendos:

128 3722 169 3779 nil
190 3727 288 3780 tamen
309 3723 375 3781 fidei
393 3742 491 3780 eorum
509 3721 592 3780 dictis
606 3722 779 3791 habendum,
795 3742 861 3779 nam
874 3722 932 3797 jam
949 3720 1032 3780 lacile
1046 3721 1201 3780 ostendere

128 3822 291 3878 possumne,
321 3823 370 3861 eos
400 3803 447 3861 vel
478 3823 515 3860 ex
547 3801 705 3872 affectibus,
737 3802 784 3860 vel
814 3821 891 3860 vana
923 3800 1017 3878 gloria
1044 3802 1072 3859 id
1094 3800 1199 3859 dicere.
