2662 4298
128 318 186 377 298
320 314 323 319 ’
552 336 691 376 semrom
709 336 784 375 xxv.

128 505 273 564 vellemus
302 503 414 581 ingenii
443 504 487 564 tui
517 505 607 565 foetus
637 504 762 578 exoludi,
793 510 828 567 et
850 502 1026 569 doo'tornm
1047 510 1208 588 amplombm

126 584 329 656 commendari,
359 589 446 661 teque
476 586 532 644 bao
560 585 592 645 in
621 604 656 645 re
680 586 904 663 exspootationi
941 595 1063 651 nosuae
1083 592 1206 651 fsotmm

126 665 199 724 satis
219 665 397 725 confidimus.
419 664 484 725 Non
505 666 646 742 estquod
666 665 783 725 Domini
803 666 910 745 Boylii
927 669 1070 731 diatriba
1086 672 1122 731 de
1130 670 1205 742 llrtro,

127 746 218 822 (leque
238 745 391 805 Firmitate
410 752 441 804 et
460 745 618 805 Flniditate
637 746 714 823 apud
734 764 789 806 vos
807 746 1032 826 imprimatur:
1055 751 1105 811 bio
1117 750 1204 828 quippe

126 825 232 885 Latino
259 844 392 885 sermone
420 825 481 902 jam
511 845 619 885 exousa
639 831 692 900 est,
724 845 778 886 neo
807 826 869 887 nisi
901 831 1112 892 oommoditas
1139 832 1203 891 dost

127 905 304 981 exemplaria
324 907 361 966 ad
382 925 436 965 vos
456 906 672 967 transvehendi.
693 906 777 983 Rogo
796 906 903 983 igitur,
929 930 975 969 ne
995 910 1159 989 permittas,
1176 916 1202 971 ut

127 985 191 1061 quis
220 987 425 1063 typographus
448 991 564 1046 vestras
583 987 643 1045 tale
663 986 732 1064 qnid
752 986 966 1064 aggrediatur.
990 991 1079 1051 Idem
1099 990 1201 1069 Boyliuo
1247 1024 1250 1073 l

126 1066 296 1126 lbaotatum
315 1066 458 1143 insignem
480 1068 515 1126 de
535 1066 685 1127 coloribus
704 1066 735 1126 in
754 1067 849 1127 lnoem
871 1069 990 1143 emisit,
1006 1072 1200 1149 etAngliooot
1247 1078 1250 1121 1

126 1145 238 1216 Latine,
271 1147 356 1206 simul
381 1153 411 1206 et
430 1147 590 1206 Historiam
610 1147 875 1225 Experimentalem
897 1149 939 1208 de
962 1151 1104 1228 Frigore,
1124 1152 1199 1211 'lber-

126 1226 282 1301 memetris,
304 1232 369 1300 eta,
390 1226 440 1287 ubi
460 1227 552 1286 multa
571 1228 722 1304 proeolara,
743 1227 835 1286 multa
856 1248 951 1291 nova.
975 1231 1197 1293 Nilnisibellum

126 1308 181 1367 boo
211 1306 369 1367 infaustum
401 1310 507 1379 obstat,
536 1327 591 1383 quo
612 1307 709 1369 minus
726 1307 792 1368 libri
813 1308 852 1367 ad
873 1328 931 1369 vos
953 1313 1196 1373 transmittantur.

126 1386 237 1447 Prodiit
268 1387 356 1447 etiam
386 1389 541 1447 lbaotatus
572 1387 689 1465 quidam
718 1387 841 1464 insignis
866 1389 904 1449 de
924 1393 1098 1469 sexaginta
1117 1395 1196 1453 obser

125 1467 292 1527 vationibus
322 1467 544 1544 Miorosoopiois,
567 1467 729 1528 ubimulta
749 1468 900 1543 audenter,
921 1472 980 1530 sod
1003 1472 1196 1551 Philosophiae

126 1548 224 1622 (juxta
243 1552 341 1608 tamen
358 1547 500 1625 principia
510 1548 692 1625 Meobanioa)
702 1548 895 1610 disseruntur.
907 1549 1017 1627 Spero,
1030 1552 1196 1631 Bibliopolas

126 1631 242 1686 nostros
273 1628 350 1687 viam
380 1628 560 1701 inventuros,
592 1629 696 1688 borum
726 1628 852 1688 omnium
873 1633 1069 1709 exemplaria
1089 1634 1126 1695 ad
1145 1634 1195 1691 Vos

127 1706 306 1782 expediendi.
340 1709 411 1784 Ego,
444 1708 512 1785 quid
533 1713 566 1768 tu
586 1728 679 1786 nuper
699 1708 802 1785 egeris,
822 1709 870 1768 vel
891 1712 949 1770 sub
969 1723 1068 1775 manu
1088 1715 1194 1780 habea

127 1786 257 1863 accipere
278 1808 296 1846 a
316 1808 404 1848 manu
424 1795 476 1849 tua
495 1789 613 1865 propria
633 1809 715 1865 aveo,
738 1788 785 1865 qui
805 1808 869 1849 sum

557 1950 612 2009 mi
632 1951 864 2010 studiosissimus
884 1956 912 2009 et
932 1951 1165 2016 Amantissimo

709 2084 807 2143 Hune.
829 2082 1028 2147 Onomante.

157 2213 268 2261 Londini
285 2216 326 2262 die
343 2215 381 2263 28.
397 2215 477 2275 April.
495 2215 563 2262 1665.

391 2500 607 2558 Er1snonn
639 2498 926 2576 XXV1(on1nxn1),

404 2633 474 2690 Viro
495 2626 678 2691 Nobilissimo
700 2651 734 2719 oo
756 2632 927 2690 Beatissimo

337 2765 570 2826 HENRIOO
603 2765 985 2826 OLDENBURGIO

593 2900 728 2962 B.1>.S.

436 3035 592 3110 desperatio
612 3037 652 3094 od
666 3037 881 3111 praecedentem.

205 3170 304 3227 Amice
323 3170 511 3245 inteperrime,

165 3302 270 3361 Paucis
289 3306 358 3360 ante
379 3301 480 3361 diebus
500 3301 609 3360 amicus
629 3301 745 3377 quidam
756 3300 907 3378 epistolam
918 3305 1000 3360 tuam
1011 3301 1061 3361 28.
1073 3304 1191 3380 Aprilis,

125 3400 211 3455 quam
243 3402 261 3440 a
281 3381 443 3457 Bibliopola
462 3382 738 3454 Amstelaedamensi,
761 3382 810 3457 qui
828 3401 891 3440 eam
913 3380 975 3439 siue
996 3381 1085 3442 dubio
1108 3405 1136 3445 a.
1157 3385 1191 3443 D.

125 3460 186 3519 Ser.
209 3464 225 3497 *
246 3467 406 3538 acceperat,
428 3463 482 3521 sibi
502 3461 640 3521 traditam
661 3463 777 3538 ajebatc
790 3461 988 3521 Gavisussum
1000 3481 1192 3540 summopere,

125 3539 201 3614 quod
221 3541 338 3599 tandem
360 3561 395 3600 ex
416 3546 446 3600 te
466 3542 529 3620 ipso
549 3542 710 3618 intelligere
733 3542 823 3613 liouit,
846 3547 876 3601 te
895 3542 1193 3613 benevalere,tuum·

124 3638 179 3694 que
200 3638 271 3694 erga
292 3640 338 3680 me
357 3621 484 3682 animum
505 3623 676 3682 benevolum
700 3623 821 3682 eundem
844 3627 932 3699 atque
954 3621 1021 3680 olim
1043 3641 1117 3684 esse.
1129 3626 1195 3702 Ego

156 3797 170 3824 ⁴
202 3797 308 3843 Domino
326 3799 447 3844 Sertorio.
