2662 4298
123 366 181 423 274
547 382 688 425 srrsrom
708 382 767 427 xx.

164 552 263 628 Nuper
283 555 441 627 occupatus
460 551 502 610 fui
522 551 553 609 in
564 550 736 627 quibusdam
747 552 809 611 Dei
820 556 997 618 attributis
1007 561 1178 636 perpenderis

124 633 154 691 in
175 652 231 708 quo
252 651 297 690 me
318 636 370 691 tua
390 650 449 689 non
468 650 571 707 parum
589 630 667 707 juvit
676 631 861 706 Appendix.
877 637 1022 699 Mentem
1032 645 1107 700 tuam
1115 642 1179 700 solue

124 712 209 772 modo
239 711 332 771 fusius
362 711 497 787 explicui,
529 731 594 787 qua>
613 710 684 769 mihi
705 730 768 769 non
791 712 857 773 nisi
882 717 1142 781 demonstrationes
1154 741 1180 780 u·

125 792 224 851 hibere
255 791 384 863 videtur3
416 797 445 850 ot
475 791 539 851 ideo
569 790 694 850 demiror
711 790 744 849 in
766 792 976 859 Praefatione
996 802 1127 861 affirmari
1136 805 1154 875 *,
1165 808 1180 859 le

124 872 174 930 illa
204 891 263 930 non
283 871 400 943 sentire,
422 871 472 930 sed
494 871 652 947 obligatum
672 869 774 944 fuisse,
799 878 838 932 ut
860 875 914 936 ita
938 884 1038 953 tuum,
1059 882 1100 941 uti
1116 881 1181 959 proni

125 971 213 1023 seras,
246 951 367 1010 03113311
398 951 614 1028 Philosophiam
645 950 824 1026 discipulum
859 956 1018 1035 doceres;
1039 967 1070 1021 31
1088 963 1181 1036 tcleuge

124 1031 219 1103 aliam,
241 1036 302 1089 tam
322 1031 358 1090 de
378 1032 439 1090 Deo
461 1052 547 1108 quam
568 1033 603 1090 dc
623 1030 729 1101 anima,
750 1032 923 1107 speciatim
948 1040 990 1099 de
1001 1043 1105 1103 anima
1113 1043 1181 1102 volun

125 1115 195 1183 tate,
216 1112 315 1170 fovere
335 1111 514 1187 opinionem
537 1111 619 1170 video
640 1130 754 1187 quoque
773 1111 809 1170 in
831 1113 889 1175 illa
914 1119 1182 1195 Praefationedidu

124 1193 187 1252 haec
207 1191 343 1267 Cogitata
363 1191 565 1268 Metaphysica
584 1190 666 1251 brevi
686 1190 852 1267 prolixiora
875 1198 1061 1276 editurum
1080 1224 1136 1280 qua
1150 1203 1182 1261 lu

126 1271 210 1332 avide
231 1272 370 1340 desidero,
392 1292 459 1330 nam
481 1273 517 1331 de
536 1272 572 1330 iis
592 1270 699 1348 aliquid
720 1270 880 1347 singulare
902 1298 1014 1355 sporo.
1036 1285 1102 1344 Mea
1119 1287 1182 1343 antu

126 1373 184 1412 non
204 1353 263 1412 fert
283 1353 469 1423 consuetudo,
491 1352 616 1428 aliquem
635 1351 769 1411 laudibus
789 1356 959 1419 extollere.

168 1432 275 1509 Scripsi
306 1434 369 1491 haec
390 1432 502 1492 sincero
522 1432 627 1503 animo,
648 1436 678 1491 et
698 1430 827 1491 amicitia
851 1455 919 1497 non
945 1440 1066 1519 mesu,
1086 1443 1184 1521 prouti

128 1513 258 1589 Epistola
279 1513 468 1588 impedisti,
491 1518 580 1589 utque
601 1511 710 1571 veritas
730 1511 943 1588 detegeretur.
962 1522 1187 1589 Excusauimus.

130 1598 238 1669 praeter
268 1592 467 1664 intentionem,
498 1592 703 1668 prolixitatem.
736 1590 766 1650 Si
797 1593 835 1651 ad
868 1596 933 1658 has
956 1605 1189 1681 respondemus

131 1673 184 1731 tibi
215 1692 395 1749 summopere
426 1672 580 1733 devincies.
613 1672 678 1731 Non
706 1691 819 1743 recuso,
850 1674 882 1733 si
913 1687 954 1739 ea
977 1683 1099 1761 lingna,
1116 1686 1190 1761 inqu

131 1754 271 1812 educatus
291 1773 354 1811 sum
368 1756 411 1825 **,
433 1753 564 1812 scribere.
579 1753 693 1811 animus
712 1756 766 1822 est,
787 1752 836 1811 vel
858 1756 937 1832 alia,
950 1766 1192 1826 modoLatinsrd

130 1833 240 1892 Gallica
261 1832 314 1904 311;
331 1834 385 1892 hoc
397 1854 465 1892 vero
476 1852 655 1909 responsum,
668 1837 700 1891 ut
711 1833 812 1891 eadem
825 1835 881 1916 *ἦ*
894 1856 1016 1903 exares
1025 1845 1193 1924 linguapete

132 1913 200 1988 quia
220 1918 347 1971 mentem
367 1918 446 1972 tuam
468 1912 497 1971 in
519 1933 553 1972 ea
573 1916 655 1983 bene,
677 1911 752 1988 quod
772 1912 850 1972 forte
871 1914 1042 1998 inlingua
1051 1927 1196 1987 Latinam

131 1994 223 2064 fieret,
254 1992 456 2069 percipiebam.
488 1994 535 2052 Ita
562 2013 609 2052 me
629 1992 682 2051 tibi
703 1990 859 2065 devincies,
882 2015 1014 2078 egoque
1037 2026 1092 2067 ero
1111 2028 1144 2068 ac
1158 2024 1197 2085 13

132 2075 263 2147 manebo,

283 2227 327 2284 Mi
351 2228 477 2299 11331133,
503 2226 566 2284 Tibi
587 2227 799 2283 addictissimus
819 2231 908 2302 atque
937 2231 1176 2308 officiosissimus

762 2329 800 2390 G0
820 2350 869 2388 DE
892 2333 1202 2405 BLanvsnueu

195 2440 319 2485 Dordraei
338 2441 373 2486 16.
391 2439 505 2486 ianuarii
523 2439 590 2484 1665.

163 2530 192 2573 [n
211 2529 367 2586 responsione
384 2533 427 2574 133
439 2529 574 2586 prolixius,
590 2528 650 2586 quid
662 2541 710 2586 per
725 2525 803 2584 Nepa-

194 2591 284 2636 tionem
300 2591 394 2635 131133
411 2592 544 2649 1313111933,
560 2591 658 2636 erudiri
673 2593 763 2648 eccepto.

194 2675 196 2680 Ι
239 2704 362 2763 Epistolee
380 2703 529 2765 Inscriptio:

312 2793 375 2850 MiJ'n
390 2793 448 2838 beer

163 2855 193 2900 dn
210 2855 267 2900 lucer
283 2856 429 2901 Benedictus
445 2856 473 2900 de
490 2857 597 2915 Spinosa

311 2933 341 2977 op
358 2919 404 2963 den
421 2918 511 2976 lanpes
526 2919 648 2976 Booqaeit
663 2919 759 2976 Buyten

509 2981 637 3026 Scbiedam

553 3057 583 3088 vr

587 3266 747 3276 ...ι-

165 3539 175 3558 *
207 3540 252 3585 Ex:
268 3541 352 3598 Belg.:
370 3540 414 3585 3131
429 3539 459 3586 L.
475 3540 559 3597 Meyer
575 3539 602 3584 in
619 3538 647 3583 de
670 3536 1208 3598 13333οά1333.113313113131311111333

133 3601 276 3658 Epistolam
291 3602 383 3648 Latine
399 3601 508 3647 vertisse
524 3601 663 3647 verisimile
681 3603 728 3646 est
1068 3604 1081 3616 “

165 3661 187 3682 ”
210 3662 286 3709 Errat
310 3664 448 3723 interpres;
474 3676 532 3709 nem
555 3663 634 3709 verbs
657 3664 685 3708 in
701 3660 740 3707 die
757 3662 806 3707 toci
821 3675 888 3707 waes·
903 3660 970 3706 mede
985 3663 1140 3720 3113133311
1154 3669 1209 3726 ten,

133 3724 215 3782 potita
239 3729 299 3770 sunt
316 3738 347 3770 ex
363 3725 474 3784 epist-ola
490 3726 604 3784 Spinozae
621 3725 663 3784 (31.
679 3738 758 3785 supra
773 3737 831 3783 pag.
848 3723 920 3782 260.)‚
935 3723 1066 3783 hujusque
1085 3729 1208 3790 linguam

134 3786 297 3832 vernaculam
314 3791 438 3846 spectant.

166 3847 198 3868 ⁴⁴*
221 3848 250 3894 Ut
266 3849 312 3894 133
327 3849 411 3894 eadem
426 3851 521 3909 potius,
536 3863 627 3910 nempe
643 3848 803 3898 Hollendics.
