2662 4298
564 362 705 401 arrsroua
726 363 751 402 u.
1096 423 1104 429 ¹
1143 347 1198 404 361

88 556 97 567 ·
177 527 276 597 Perre,
299 527 374 602 quod
396 527 669 586 demonstrationem
689 527 804 598 attinet,
826 547 912 604 quarn
927 548 982 603 ego
993 528 1023 586 in
1034 529 1202 605 Appendice

137 607 384 666 Geometricarum
415 607 446 665 in
472 608 592 667 Cartesii
614 607 760 684 Principia
780 609 1056 668 demonstrationum
1078 611 1200 678 stabilio,

136 706 239 762 nempe
267 688 360 745 Deum
381 708 448 759 non,
470 688 525 746 nisi
545 689 628 746 valde
648 688 813 764 improprie,
835 708 923 747 unum
943 688 990 747 vel
1011 689 1126 749 unicum
1147 691 1202 749 dici

136 788 241 844 posse;
276 769 445 843 respondeo,
467 788 526 826 rem
548 769 724 827 solummodo
745 768 917 841 existentiae,
939 789 997 828 non
1019 790 1087 829 vero
1108 790 1202 829 essen-

138 849 188 906 tiae
220 853 354 923 respectu
385 868 471 906 unam
502 849 548 907 vel
578 849 692 907 unicam
723 848 797 907 dici:
829 868 876 906 res
896 849 972 906 enim
993 852 1046 909 snb
1067 851 1201 923 numeris,

139 929 194 987 nisi
225 933 378 1004 postquam
409 929 445 986 ad
475 943 624 987 commune
650 948 741 1003 genus
761 929 887 987 redactae
908 929 1034 1003 fuerunt,
1055 950 1113 989 non
1135 951 1201 989 con-

138 1009 267 1084 cipimus.
301 1008 364 1082 dui,
397 1009 478 1067 verbi
504 1009 609 1084 gratia,
643 1009 806 1067 sestertium
835 1014 864 1067 et
890 1009 1094 1085 imperialem*
1114 1031 1202 1070 manu

138 1093 228 1157 tenet,
261 1089 296 1146 de
327 1109 445 1148 numero
478 1089 588 1147 binario
615 1109 673 1147 non
694 1089 843 1164 cogitabit,
865 1089 920 1147 nisi
940 1091 1017 1148 hunc
1038 1091 1199 1150 sestertium

137 1175 169 1226 et
189 1168 365 1244 imperialem
396 1189 454 1227 uno
482 1171 647 1246 eodemque,
669 1188 771 1244 nempe
792 1189 971 1228 nummorum
986 1169 1019 1204 *⁴*
1040 1172 1086 1229 vel
1107 1191 1200 1230 mone·

139 1254 244 1319 tarum,
277 1249 391 1307 nomine
421 1269 525 1308 vocare
547 1255 651 1325 queat:
673 1269 739 1308 nam
761 1254 839 1320 tunc,
861 1269 892 1308 ee
913 1251 984 1308 duos
1005 1270 1135 1334 nummos
1150 1253 1201 1311 .vel

138 1333 271 1387 monetas
291 1330 405 1398 habere,
427 1334 524 1405 potest
543 1331 703 1401 affirmare3
719 1329 852 1405 quoniam
864 1349 922 1388 non
933 1331 1016 1389 modo
1028 1331 1199 1403 sestertium,

138 1410 189 1468 sed
211 1409 297 1467 etiarn
318 1409 493 1484 imperialem
514 1410 623 1468 nummi
643 1411 689 1468 vel
710 1414 833 1468 monetae
848 1408 963 1469 nomine
973 1410 1103 1486 insignit.
1125 1410 1200 1470 Hinc

137 1509 209 1564 ergo
242 1490 318 1548 clare
338 1494 428 1564 patet,
450 1490 557 1549 nullam
578 1510 639 1548 rem
660 1509 747 1548 unam
768 1493 819 1548 aut
840 1488 953 1548 unicam
974 1491 1124 1563 nominari,
1145 1492 1200 1550 nisi

85 1569 1201 1646 .mmfflmmmwwmmfflmw

136 1650 283 1708 convenit.
307 1650 447 1720 Quoniam
468 1670 537 1709 vero
557 1651 612 1709 Dei
631 1650 785 1709 existentia
804 1650 894 1726 ipsius
915 1650 954 1709 sit
963 1651 1096 1723 essentia,
1109 1653 1201 1728 deque

136 1732 200 1806 ejus
224 1730 349 1788 essentia
370 1730 561 1789 universalem
582 1751 640 1790 non
660 1730 802 1807 possimus
821 1731 946 1789 formare
966 1731 1068 1807 ideam,
1091 1737 1200 1791 certum

136 1816 191 1881 est,
224 1830 298 1881 eum,
331 1811 380 1886 qui
411 1811 503 1870 Deum
535 1832 623 1870 unum
653 1812 700 1870 vel
721 1809 837 1869 unicum
858 1817 1015 1887 nuncupat,
1037 1813 1145 1871 nullam
1166 1815 1201 1871 de

137 1892 198 1948 Deo
220 1910 320 1948 veram
341 1892 448 1949 habere
467 1891 569 1963 ideam,
592 1892 639 1950 vel
658 1891 813 1967 improprie
834 1891 868 1949 de
889 1911 923 1950 ec
942 1890 1030 1968 loqui.

179 1971 324 2040 Quantum
345 1971 382 2029 ad
403 1972 467 2042 hoc,
489 1972 564 2046 quod
584 1973 679 2046 figura
699 1971 825 2046 negatio,
847 1991 905 2029 non
925 1991 995 2029 vero
1009 1972 1113 2052 aliquid
1127 1972 1199 2047 posi-

138 2051 231 2109 tivum
260 2055 322 2110 est:
344 2051 528 2110 manifestum
549 2056 602 2122 est,
623 2051 767 2126 integram
787 2050 947 2121 materiam,
968 2051 1116 2110 indefinite
1136 2073 1199 2111 con-

138 2131 303 2203 sideratam,
335 2132 443 2190 nullam
474 2151 558 2207 posse
578 2133 685 2190 habere
704 2132 837 2206 figuram,
858 2132 1039 2206 figuramque
1059 2132 1089 2189 in
1110 2132 1201 2190 finitis

137 2232 172 2269 ac
204 2211 402 2270 determinatis
432 2211 599 2287 corporibus
628 2212 722 2271 locum
749 2215 863 2269 tantum
889 2211 1026 2270 obtinere.
1049 2212 1105 2283 Qui
1125 2212 1200 2271 enim

135 2312 167 2349 se
199 2292 322 2366 figuram
352 2291 500 2368 percipere
531 2292 580 2366 ait,
613 2291 654 2350 nil
684 2291 761 2349 aliud
788 2311 822 2349 eo
842 2291 950 2350 indicat
971 2311 1065 2367 quam,
1088 2311 1119 2350 se
1139 2312 1198 2350 rem

136 2371 366 2442 determinatam,
389 2377 419 2430 et
440 2392 496 2448 quo
516 2377 601 2448 pacto
623 2392 658 2430 ea
678 2372 716 2430 sit
736 2371 935 2442 determinata,
953 2372 1111 2448 concipere.
1127 2373 1200 2431 Haec

137 2472 207 2526 ergo
239 2452 439 2510 determinatio
471 2453 507 2510 ad
528 2472 588 2510 rem
607 2453 693 2528 juxta
713 2471 795 2510 suum
816 2471 879 2510 esse
900 2472 956 2510 non
979 2453 1124 2528 pertinet:
1146 2454 1196 2511 sed
1252 2452 1255 2458 ’

136 2536 254 2590 econtra
286 2537 330 2590 est
360 2533 422 2607 ejus
451 2552 509 2590 non
540 2552 611 2592 esse.
635 2532 708 2603 Quia
729 2552 798 2607 ergo
819 2533 914 2607 figura
934 2552 993 2590 non
1014 2532 1090 2591 aliud
1112 2553 1196 2608 quam

135 2611 345 2680 determinatio,
389 2617 419 2670 et
453 2613 653 2672 determinatio
684 2612 800 2687 negatio
832 2617 895 2684 est;
927 2632 986 2671 non
1015 2613 1130 2688 poterit,
1163 2620 1196 2672 ut

123 2692 242 2763 dictum,
264 2692 341 2751 aliud
362 2693 429 2767 quid
451 2713 536 2768 quam
556 2693 673 2768 negatio
694 2713 765 2752 esse.

168 2772 295 2844 Librum,
331 2793 415 2848 quem
435 2773 644 2849 Ultrajectinus
664 2774 814 2831 Professor
833 2772 863 2831 in
884 2793 978 2831 meum
1000 2773 1115 2848 scripsit
1135 2776 1193 2848 *„*,

126 2852 233 2927 quique
263 2857 329 2927 post
359 2853 468 2912 obitum
499 2855 561 2929 ejus
581 2853 637 2912 luci
658 2853 806 2929 expositus
826 2857 880 2923 est,
903 2873 918 2911 e
940 2854 1067 2911 fenestra
1087 2854 1192 2912 Biblio-

129 2933 203 3008 polae
234 2933 406 3007 pendentem
436 2933 514 2991 vidi:
543 2938 572 2992 et
593 2954 630 2993 ex
650 2933 758 3009 paucis,
780 2952 843 3008 quac
865 2937 927 2990 tum
948 2933 1086 3008 temporis
1105 2934 1136 2991 in
1157 2955 1190 2992 eo

131 3013 267 3087 legeram,
293 3032 357 3071 eum
377 3014 462 3084 lectu,
483 3015 573 3072 multo
594 3014 688 3073 minus
708 3012 894 3088 responsione
913 3013 1067 3087 indignum
1085 3013 1193 3088 judica·

131 3094 206 3151 bam.
228 3092 434 3168 Relinquebam
454 3113 524 3168 ergo
544 3094 649 3152 librum
670 3094 788 3169 ejusque
808 3093 968 3152 authorem.
985 3094 1194 3164 Mente,subri·

132 3173 211 3242 dens,
243 3173 403 3243 volvebam,
430 3173 628 3249 ignarissimos
656 3193 783 3249 quosque
803 3172 910 3248 passim
931 3172 1144 3245 audacissimos,
1166 3180 1195 3232 et

132 3253 168 3311 ad
189 3252 368 3312 scribendum
390 3253 588 3329 paratissimos
608 3274 679 3313 esee.
703 3253 775 3312 Mihi
789 3299 794 3309 .
807 3299 814 3312 .
828 3298 855 3312 ..
877 3273 988 3311 merces
1008 3273 1076 3311 suas
1096 3255 1194 3312 eodem

132 3333 225 3404 modo,
247 3353 281 3391 ac
302 3334 441 3409 Propolae,
462 3354 566 3393 venum
588 3354 731 3411 exponere
752 3333 896 3404 videntur,
920 3332 969 3409 qui
982 3352 1104 3409 semper,
1119 3336 1193 3409 quod

159 3583 173 3607 *
189 3583 261 3627 Vere.
278 3582 361 3639 Belg.:
379 3596 420 3627 een
437 3583 531 3628 atrriacr
545 3596 575 3628 en
591 3597 633 3627 een
650 3581 827 3640 ›achadaaldera

159 3645 188 3669 ’θ
205 3644 307 3690 Bruder.
325 3669 353 3677 -
371 3645 417 3690 Ed.
434 3645 487 3691 Pr.:
504 3658 669 3690 attineret-um.
685 3669 716 3678 -
733 3643 805 3690 Vera.
822 3641 907 3700 Belg.:
928 3644 1040 3689 alukken.

159 3706 203 3762 Ψ
222 3707 331 3763 Regneri
348 3705 363 3752 a
379 3708 513 3763 Manavelt,
529 3707 707 3766 Philosophia,
723 3707 782 3751 dum
803 3705 907 3760 viveret,
928 3705 1049 3752 Doctoris
1059 3707 1191 3752 etProles·

129 3769 195 3814 soris
211 3770 237 3813 in
254 3769 390 3819 Academia
406 3770 559 3827 TraJ'ectina,
576 3769 875 3826 AdversusAnonymum
889 3767 1193 3827 Theologieo-Pomicum

129 3830 207 3876 Liber
224 3829 376 3889 Singularis,
391 3835 439 3877 etc.
458 3832 654 3891 Amstelaedsmi,
672 3832 739 3878 1674.
