2662 4298
185 341 223 399 68
629 356 798 396 rancrnrcs

182 527 214 584 in
235 525 349 596 Genesi,
370 525 552 583 referendum
573 524 735 582 necessario
757 529 802 583 est
823 525 859 582 ad
875 524 962 594 aliud,
976 525 1011 582 de
1023 525 1259 602 quoimmediate

183 607 214 665 in
235 605 291 665 alio
311 604 384 664 libro
406 608 564 679 agebatur3
586 624 619 662 ac
640 605 760 680 proinde
781 606 894 662 Hezras
915 606 991 662 hanc
1005 605 1092 663 etiam
1105 605 1257 665 historiam

183 686 351 762 simpliciter
361 684 520 761 descripsit,
530 704 649 759 eamque
661 686 786 743 nondum
795 685 989 743 examinatam
997 685 1115 760 reliquis
1122 685 1256 747 inseruit.

183 768 225 824 At
246 786 304 825 non
324 770 439 824 tantum
460 767 515 823 hoc
535 770 633 840 caput,
655 766 705 823 sed
717 769 809 824 totam
820 765 940 840 Josephi
951 769 981 823 et
991 765 1093 824 Jacobi
1106 766 1257 824 historiam

184 867 221 906 ex
246 845 368 904 diversis
395 845 540 904 historicis
573 847 738 920 decerptam
759 850 789 903 et
810 846 983 920 descriptam
1005 865 1068 904 esse
1089 847 1255 905 necessario

182 927 331 985 fatendum
353 931 406 999 est,
428 927 500 984 adeo
520 946 623 1001 parum
644 926 698 983 sibi
719 930 852 983 constare
873 925 1012 984 videmus.
1034 925 1103 1001 (lap.
1117 926 1258 1000 enim47.

184 1006 288 1065 Genea.
310 1010 421 1077 narrat,
442 1007 518 1081 quod
537 1006 677 1078 Jahacob,
700 1005 899 1082 cumprimum
910 1007 1114 1064 Pharahonem
1134 1007 1259 1065 ducente

183 1088 311 1163 Josepho
332 1086 479 1158 salutavit,
502 1105 593 1144 annos
616 1086 682 1146 130.
704 1092 790 1145 natus
811 1090 889 1157 erat3
908 1085 1040 1161 aquibus
1051 1086 1076 1144 si
1086 1087 1258 1146 auferantur

184 1167 290 1243 viginti
311 1167 376 1239 duo,
399 1186 470 1241 quos
490 1172 610 1242 propter
620 1164 742 1242 losephi
752 1166 915 1224 absentiam
925 1165 956 1223 in
968 1186 1090 1225 moerore
1102 1168 1258 1242 transegit,

184 1253 214 1306 et
244 1252 386 1323 praeterea
417 1246 621 1323 septemdecim
653 1246 750 1305 aetatis
783 1246 905 1321 losephi
936 1266 1000 1304 cum
1021 1247 1208 1320 venderetur,
1230 1252 1259 1306 et

184 1329 308 1404 denique
340 1333 459 1404 septem,
493 1347 564 1403 quos
595 1332 716 1403 propter
749 1327 903 1384 Rachelem
935 1326 1064 1398 servivit,
1086 1326 1258 1403 reperietur,

183 1409 278 1484 ipsum
299 1407 526 1484 provectissimae
547 1407 643 1466 aetatis
664 1407 761 1481 luisse,
783 1407 932 1481 octoginta
954 1405 1063 1465 scilicet
1083 1412 1113 1465 et
1133 1414 1259 1482 quatuor

185 1509 335 1558 annorum,
365 1508 429 1546 curn
449 1488 538 1545 Leam
559 1487 589 1545 in
610 1507 729 1545 uxorem
749 1488 883 1558 duceret3
906 1491 935 1544 et
956 1490 1059 1545 contra
1080 1487 1186 1546 Dinam
1208 1486 1259 1546 vix

185 1574 294 1645 septem
316 1567 405 1626 fuisse
426 1587 577 1637 annorum,
599 1568 614 1601 '¹‘
635 1587 699 1625 eum
721 1568 888 1625 aSechemo
899 1567 959 1625 vim
970 1587 1057 1642 passa
1068 1572 1128 1638 est;
1144 1565 1259 1626 Simeon

186 1653 216 1707 et
243 1647 315 1706 Levi
343 1647 394 1705 vix
421 1646 570 1705 duodecim
598 1651 628 1705 et
649 1647 789 1716 undecim,
812 1667 876 1706 cum
898 1651 989 1705 totam
1009 1647 1088 1705 illam
1109 1647 1259 1706 civitatem

187 1727 348 1803 depraedati
375 1731 452 1798 sunt,
481 1727 599 1803 ejusque
628 1747 727 1786 omnes
758 1728 836 1786 cives
864 1727 959 1802 gladio
980 1728 1177 1786 confecerunt.
1200 1729 1260 1788 Nec

187 1809 234 1867 hic
265 1828 336 1883 opus
357 1808 449 1866 habeo
471 1808 566 1866 omnia
586 1808 778 1866 Pentateuchi
799 1827 958 1866 recensere,
981 1807 1011 1866 Si
1031 1807 1095 1882 quis
1115 1809 1201 1866 modo
1223 1809 1258 1869 ad

187 1889 243 1947 hoc
271 1887 437 1958 attenderit,
467 1888 543 1963 quod
570 1887 599 1945 in
632 1887 710 1946 hisce
736 1888 861 1963 quinque
892 1886 973 1946 libris
994 1887 1090 1946 omnia
1111 1893 1260 1964 praecepta

188 1968 298 2027 scilicet
319 1974 348 2026 et
368 1967 496 2026 historiae
517 1967 677 2044 promiscue
698 1968 760 2026 sine
782 1969 881 2026 ordine
902 1973 1067 2038 narrentur,
1080 1969 1261 2044 nequeratio

187 2055 348 2124 temporum
376 2050 528 2119 habeatur,
556 2053 585 2106 et
612 2049 687 2123 quod
715 2069 773 2107 una
801 2050 959 2124 eademque
979 2047 1101 2107 historia
1122 2069 1208 2124 saepe,
1230 2054 1262 2107 et

188 2129 343 2205 aliquando
372 2128 571 2195 diversimode,
601 2133 766 2204 repetatur;
789 2128 874 2187 facile
896 2129 1054 2203 dignoscet,
1077 2129 1261 2188 haecomnia

186 2210 348 2286 promiscue
364 2210 484 2269 collecta
499 2214 528 2267 et
539 2214 710 2268 coacervata
720 2210 818 2281 fuisse,
831 2214 864 2267 ut
875 2214 976 2283 postea
986 2209 1099 2267 facilius
1111 2209 1261 2268 examina-

186 2296 288 2349 rentur
310 2291 390 2349 etin
411 2290 540 2349 ordinem
562 2289 772 2364 redigerentur.
796 2291 836 2347 At
857 2310 916 2347 non
938 2294 1052 2347 tantum
1067 2290 1138 2361 haec,
1154 2309 1219 2364 quae
1230 2290 1262 2347 in

189 2371 314 2447 quinque
335 2371 424 2440 libris,
447 2371 497 2428 sed
519 2371 606 2428 etiarn
627 2370 745 2445 reliquae
767 2369 893 2428 historiae
914 2389 1005 2445 usque
1018 2370 1053 2427 ad
1064 2370 1262 2428 vastationem

188 2451 285 2520 Urbis
318 2471 381 2525 quae
412 2450 443 2507 in
465 2449 583 2524 reliquis
604 2454 713 2524 septem
735 2449 816 2508 libris
838 2450 1032 2519 continentur,
1055 2450 1155 2507 eodem
1176 2451 1261 2509 modo

189 2530 317 2588 collectae
340 2535 416 2588 sunt.
440 2529 510 2598 Quis
532 2529 607 2586 enim
628 2549 684 2586 non
707 2529 796 2601 videt,
818 2530 848 2588 in
864 2532 965 2605 cap2.
978 2529 1171 2588 Judicumex.
1184 2550 1260 2589 vers

187 2612 214 2668 6.
246 2630 353 2667 novum
384 2608 552 2667 historicum
584 2609 690 2667 adferri
722 2610 782 2685 (qui
813 2630 859 2668 res
894 2631 911 2668 a
939 2611 1030 2668 Josua
1053 2614 1152 2684 gestas
1172 2611 1261 2668 etiam

187 2689 363 2764 scripserat),
392 2690 510 2765 ejusque
539 2692 629 2747 verba
655 2690 822 2765 simpliciter
851 2690 981 2749 describi.
1008 2690 1081 2748 Nam
1103 2695 1258 2767 postquam

186 2770 340 2828 historicus
361 2774 459 2828 noster
479 2769 510 2826 in
532 2769 583 2828 ult.
606 2789 667 2844 cap.
691 2772 790 2828 Josuae
812 2771 953 2842 narravit,
976 2772 1051 2845 quod
1062 2771 1125 2846 ipse
1136 2777 1257 2829 mortem

186 2850 297 2923 obierit,
320 2851 452 2925 quodque
473 2850 603 2924 sepultus
623 2850 719 2921 fuerit,
742 2851 822 2908 etin
844 2851 935 2926 primo
957 2852 1044 2926 hujus
1056 2849 1123 2908 libri
1137 2871 1259 2909 narrare

186 2951 220 2989 ea
241 2930 411 3006 promiserit,
428 2950 492 3006 quae
503 2936 569 3006 post
581 2931 708 3005 ejusdem
720 2935 842 2989 mortem
854 2932 1053 3006 contigerunt;
1066 2951 1123 3005 qua
1135 2931 1258 3002 ratione,

185 3011 210 3069 si
250 3012 330 3069 filum
361 3031 421 3069 suae
453 3010 582 3068 historiae
615 3011 695 3086 sequi
730 3012 855 3082 volebat,
888 3011 1030 3087 potuisset
1062 3011 1259 3086 superioribus

185 3096 349 3161 annectere,
372 3111 437 3166 quae
459 3091 505 3148 hic
527 3092 561 3148 de
581 3090 644 3166 ipso
665 3093 758 3149 desua
778 3111 897 3150 narrare
919 3092 1042 3167 incipit?
1064 3094 1098 3127 ²¹¹*
1113 3091 1160 3149 Sic
1171 3091 1258 3149 etiam

186 3172 282 3246 capita
305 3172 350 3242 17,
375 3172 420 3242 18,
443 3175 497 3229 etc.
520 3171 659 3229 Samuelis
683 3173 708 3230 1.
731 3192 768 3230 ex
789 3172 844 3230 alio
866 3172 1003 3230 historico
1025 3173 1159 3230 desumta
1181 3175 1257 3243 sunt,

186 3253 234 3327 qui
265 3251 350 3309 aliam
381 3272 498 3310 causam
529 3251 673 3310 sentiebat
703 3252 800 3321 fuisse,
834 3273 885 3310 cur
917 3252 1012 3310 David
1045 3252 1140 3310 aulam
1163 3251 1258 3310 Saulis

185 3333 369 3408 frequentare
397 3331 546 3406 inceperit,
577 3332 663 3406 longe
685 3331 828 3390 diversam
849 3335 885 3390 ab
905 3332 963 3403 illa,
987 3331 1100 3408 quain
1122 3352 1186 3407 cap.
1211 3332 1256 3390 16.

185 3412 251 3470 libri
272 3412 399 3488 ejusdem
421 3416 572 3470 narratur:
595 3433 653 3470 non
674 3413 750 3471 enim
772 3413 872 3483 sensit,
896 3414 971 3488 quod
984 3412 1078 3470 David
1090 3430 1128 3470 ex
1139 3411 1256 3470 consilio

186 3513 335 3551 servorum
357 3513 374 3550 a
395 3492 481 3550 Saule
503 3497 623 3551 vocatus
643 3492 736 3568 ipsum
759 3492 828 3550 adiit
850 3495 894 3567 (ut
908 3494 938 3550 in
954 3513 1016 3568 cap.
1035 3494 1081 3551 16.
1097 3495 1255 3565 narratur),

186 3573 236 3631 sed
268 3573 352 3647 quod,
379 3593 448 3630 casu
475 3593 492 3630 a
518 3578 601 3647 patre
622 3574 658 3631 ad
679 3574 786 3631 fratres
805 3573 836 3630 in
857 3579 954 3631 castra
974 3573 1087 3644 missus,
1110 3572 1197 3630 Saule
1219 3591 1256 3630 ex

186 3653 336 3711 occasione
358 3652 494 3724 victoriae,
517 3673 602 3729 quam
624 3658 726 3711 contra
749 3654 928 3711 Philistaeum
951 3653 1048 3712 Goliat
1068 3652 1179 3723 habuit,
1195 3658 1255 3711 tum

219 3833 228 3850 ⁴
247 3833 283 3879 Of.
301 3833 393 3902 Annot.
411 3831 474 3877 XIV.
584 3834 605 3852 ⁴*
623 3833 659 3878 Cf.
678 3834 773 3878 Annot.
792 3832 841 3878 XV.
