2662 4298
454 354 459 364 .
503 322 641 360 urrsroaa
662 323 704 361 xi.
944 330 946 333 ’
1080 305 1138 362 227

10 518 27 555 r
66 489 181 548 Nitrum
211 490 305 566 ipsum
340 489 466 560 disseris,
491 488 578 547 ferire
599 508 630 547 33
650 489 762 548 Auctor
784 492 890 562 negat;
914 490 990 564 quod
1011 510 1081 549 vero
1103 492 1138 549 de

66 569 143 628 Nitri
170 569 433 628 inflammabilitate
454 574 484 627 et
505 568 629 644 Spiritus
648 569 724 628 Nitri
745 564 868 637 aarum
892 569 993 641 tradis,
1016 569 1138 629 Oartosii

10 682 25 718 2·
66 650 102 708 13
122 651 195 724 Igne
217 650 380 708 doctrinam
402 669 564 725 supponere
585 649 635 720 ait,
657 669 743 725 quam
761 650 815 709 sibi
827 651 951 709 necdum
963 649 1138 710 satisfecisse

67 734 202 789 testatur.

106 810 188 880 Quod
232 812 267 868 ad
307 810 515 885 Experimento
545 813 666 885 spectat,
699 811 803 885 quibus
834 816 915 869 tuam
949 810 1137 870 Phaenomeni

10 893 18 962 g
64 890 289 964 explicationem
331 891 512 966 comprobari
552 895 652 966 putas;
690 892 845 966 respondet
876 892 998 960 Auctor,
1032 890 1134 966 primo,

10 1008 11 1013 κ
66 969 203 1045 Spiritum
247 971 323 1029 Nitri
354 971 469 1029 Nitrum
501 969 615 1046 quidem
647 990 709 1029 esse
739 970 940 1044 materialiter,
973 970 1136 1030 formaliter
1168 1008 1170 1012 =

10 1090 13 1124 :
65 1069 256 1125 nequaquam,
279 1070 344 1109 cum
366 1051 553 1126 qualitatibus
574 1055 604 1109 et
624 1050 781 1110 virtutibus
802 1071 888 1126 quam
912 1050 1035 1109 maxime
1054 1051 1135 1110 diffe-

65 1138 141 1201 rant,
164 1151 266 1206 sapore
281 1131 399 1198 scilieet,
411 1132 507 1200 odore,
519 1129 702 1203 volatilitate,
715 1131 852 1207 potentia
863 1130 995 1189 solvendi
1006 1132 1133 1203 metalla,

65 1212 175 1268 colores
207 1211 412 1285 vegetabilium
444 1211 585 1281 mutandi,
618 1215 674 1268 etc.
718 1211 860 1283 Secundo,
893 1211 968 1285 quod
993 1211 1071 1269 coire
1092 1211 1135 1270 ais

64 1291 223 1365 particulas
256 1293 396 1367 quasdam
418 1312 532 1350 sursum
553 1292 629 1348 latas
649 1291 680 1349 in
702 1291 863 1368 Crystallos
883 1290 969 1360 Nitri,
991 1291 1020 1348 id
1042 1311 1133 1350 exeo

63 1370 127 1428 fiori
159 1371 271 1442 statuit,
305 1372 380 1446 quod
412 1376 511 1447 partas
543 1371 662 1429 nitrosae
684 1391 828 1430 unacum
851 1371 961 1446 Spiritu
982 1370 1060 1429 Nitri
1081 1391 1134 1447 per

63 1451 161 1524 ignem
182 1453 402 1526 protrudentur,
425 1452 664 1527 quemadmodum
684 1451 715 1509 in
726 1452 847 1527 fuligine
860 1450 1012 1525 contingit.
1024 1451 1132 1522 Tertio,

64 1533 140 1605 quod
173 1533 207 1589 de
239 1532 437 1591 defaeoationis
469 1533 573 1591 effectu
593 1533 688 1602 affers,
711 1532 737 1590 ei
757 1532 913 1607 respondet
934 1531 1054 1602 Auctor,
1075 1531 1133 1590 ista

64 1612 255 1670 defaecatione
275 1617 309 1670 ut
341 1612 496 1688 plurimum
527 1611 647 1670 liberari
668 1612 787 1670 Nitrum
809 1632 827 1670 a
848 1613 909 1670 3313
931 1613 1064 1686 quodam,
1088 1613 1132 1670 331

63 1711 213 1749 commune
244 1693 405 1751 referente:
428 1712 578 1751 ascensum
598 1712 667 1750 vero
688 1692 719 1750 in
740 1692 869 1750 stiriolas
890 1711 1070 1750 communem
1091 1691 1132 1751 illi

62 1791 125 1829 esse
147 1792 211 1829 cum
233 1771 296 1830 aliis
317 1773 433 1843 sabbae,
456 1778 486 1831 et
506 1775 542 1831 ab
564 1772 639 1831 aeris
657 1773 814 1848 pressione,
828 1771 1131 1847 aliisquequibusdam

62 1851 165 1921 causis,
189 1852 260 1911 31133
281 1852 409 1911 dicendis
430 1853 527 1928 nilque
548 1854 584 1911 31
605 1858 778 1928 praesentem
801 1852 1006 1922 Quaestionem
1019 1852 1130 1910 facien-

60 1931 147 2003 tibus,
169 1933 340 2007 dependere.
383 1936 501 2005 Quarto,
524 1933 601 2009 quod
622 1933 694 1991 dicis
705 1935 740 1991 de
751 1932 958 2008 Experimento
971 1936 1022 1990 tuo
1033 1933 1129 2002 tertio,

60 2012 136 2069 idem
157 2012 219 2070 lieri
240 2013 281 2071 ait
292 2015 404 2071 Auctor
415 2013 502 2072 etiam
513 2033 579 2072 cum
590 2013 654 2071 31113
664 2013 833 2087 quibusdam
846 2012 954 2070 salibus
967 2036 973 2083 ;
987 2031 1128 2083 33331333,

61 2091 191 2151 chartam
224 2098 291 2151 actu
322 2093 530 2152 inflammatam
560 2093 718 2169 particulas
739 2093 849 2168 rigidae
870 2096 900 2150 et
923 2091 1040 2162 solidas,
1063 2112 1128 2168 quae

60 2174 272 2247 componebant
293 2173 392 2246 salem,
414 2173 538 2245 vibrare,
559 2170 878 2248 iisdemquehocpacto
890 2171 1127 2230 scintillationam

61 2252 222 2311 conciliare.

102 2334 182 2402 Quod
214 2354 300 2409 porro
322 2339 416 2409 putas,
440 2334 515 2392 Soet.
538 2335 566 2392 5.
589 2333 746 2392 Auctorem
766 2331 897 2390 Nobilem
919 2332 1037 2406 culpare
1058 2331 1127 2390 Oar-

59 2412 172 2481 tasium
194 2413 224 2471 in
246 2414 301 2472 hoc
321 2414 446 2489 teipsum
467 2414 640 2489 culpandum
651 2413 756 2485 oredit3
771 2411 907 2488 dicitque,
920 2431 951 2470 33
962 2412 1128 2471 nullatenus

59 2492 230 2566 indigitasse
261 2493 432 2565 (lartesium,
465 2495 516 2552 sed
547 2493 727 2553 Gassandum
760 2497 789 2551 et
820 2492 900 2564 alios,
933 2492 981 2567 qui
1002 2493 1125 2566 figuram

60 2571 253 2646 Cylindricam
274 2574 424 2649 particulis
445 2574 522 2632 Nitri
544 2574 684 2644 tribuunt,
707 2594 771 2632 oum
792 2592 896 2631 revera
917 2573 954 2630 sit
974 2573 1126 2648 prismioa;

60 2671 114 2711 nec
135 2655 170 2711 de
191 2654 292 2729 figuris
313 2655 376 2713 aliis
397 2674 429 2712 33
449 2655 535 2730 loqui,
559 2675 645 2730 quam
666 2654 835 2712 visibilibus

100 2733 146 2790 Ad
180 2753 222 2807 oa,
256 2754 320 2809 quae
351 2735 382 2793 in
413 2735 487 2794 Soet.
521 2736 648 2794 13-18.
680 2733 896 2806 animadvertis
928 2734 984 2792 hoo
1011 2737 1126 2790 tantum

59 2813 183 2888 reponit,
215 2835 246 2872 se
267 2816 331 2873 haec
352 2815 502 2890 scripsisse
522 2815 670 2891 imprimis,
693 2820 725 2873 ut
746 2814 876 2890 Ghymiae
898 2834 980 2872 usum
1003 2813 1039 2871 ad
1061 2832 1126 2871 con·

58 2894 200 2952 firmanda
221 2894 362 2970 principia
383 2895 576 2971 Philosophiae
598 2895 768 2954 Machanica
785 2895 952 2953 ostenderet
973 2898 1127 2952 assereret·

59 2992 123 3047 quo,
145 2994 198 3032 nec
219 2995 250 3033 se
270 2975 416 3034 invenisse
426 2977 490 3034 baec
502 2976 578 3051 apud
590 2975 662 3034 alios
671 2979 731 3032 tam
743 2975 1125 3033 3131311311133111331313.

58 3053 112 3110 Est
132 3059 231 3112 noster
251 3055 371 3131 Boylius
391 3075 426 3114 ex
448 3075 546 3114 eorum
567 3074 695 3126 numero,
717 3054 766 3130 qui
786 3074 845 3113 non
857 3054 928 3112 adeo
940 3074 999 3112 suae
1010 3052 1127 3111 Rationi

59 3133 215 3205 confidant,
246 3140 280 3194 ut
310 3156 368 3194 non
401 3135 493 3194 velint
514 3156 577 3194 cum
599 3134 724 3193 Ratione
745 3133 900 3192 convenire
920 3134 1125 3192 Phaenomena.

58 3213 199 3288 Magnum
219 3221 364 3290 praeterea
384 3215 537 3275 discrimen
558 3215 600 3274 311
619 3215 798 3273 intercedere
818 3214 895 3272 inter
916 3213 1002 3272 obvia
1015 3213 1125 3287 experi-

58 3298 164 3363 menta,
196 3296 273 3354 circa
303 3316 376 3372 quae,
408 3296 477 3372 quid
508 3297 623 3355 adferat
643 3295 756 3353 Natura
776 3313 897 3370 quaeque
918 3292 1124 3361 interveniant,

57 3373 234 3448 ignoramus,
267 3381 296 3434 et
326 3377 403 3435 inter
434 3395 477 3446 33,
507 3377 542 3435 13
563 3376 666 3452 quibus
687 3379 766 3433 carto
787 3378 910 3442 constat,
933 3392 1067 3449 quaenam
1089 3373 1126 3430 ad

58 3473 92 3512 ea
113 3456 281 3514 afferantur.
323 3457 419 3531 Ligna
439 3462 508 3515 sunt
528 3475 650 3532 corpora
659 3455 750 3514 multo
761 3454 856 3529 magis
866 3453 1026 3529 composita
1039 3472 1126 3528 quam

58 3535 227 3610 subjectum,
260 3537 295 3595 de
326 3557 382 3613 quo
412 3537 526 3613 Auctor
556 3539 675 3595 tractat.
716 3535 754 3593 Et
784 3535 815 3592 in
849 3553 932 3609 aquae
965 3532 1124 3592 communis

57 3615 223 3674 ebullitione
243 3616 320 3691 ignis
341 3622 480 3676 externus
501 3616 626 3686 additur,
648 3614 697 3691 qui
707 3614 738 3672 in
748 3613 948 3690 procreatione
959 3613 1022 3672 soni
1033 3613 1127 3672 nostri

57 3714 122 3766 non¹
147 3696 309 3756 adhibetur.
351 3698 452 3769 Porro,
485 3698 561 3773 quod
593 3695 718 3754 virentia
738 3695 769 3753 in
789 3699 834 3754 tot
855 3699 971 3770 tamque
992 3694 1125 3753 diversos

57 3774 166 3834 colores
186 3781 345 3849 mutantur,
368 3778 403 3836 de
424 3777 486 3854 ejus
507 3797 596 3836 causa
616 3775 772 3853 quaeritur;
794 3775 864 3834 illud
886 3795 956 3834 vero
977 3795 1014 3834 ex
1034 3779 1125 3833 muta-
