2662 4298
425 345 740 386 ruuonoorco-ponrmm
761 346 825 385 cnr.
847 346 876 385 x.
1118 330 1157 386 85

92 511 211 588 capitis:
242 532 294 570 nec
315 513 402 570 etiam
424 512 516 586 video,
540 532 596 587 qua
618 511 729 570 ratione
750 513 785 570 dc
807 511 950 583 Tsidchia,
972 513 1053 587 cujus
1074 514 1157 580 oculi,

92 592 178 650 simul
209 612 242 650 ac
270 592 344 650 filios
368 612 472 651 necare
493 593 575 663 vidit,
599 591 693 650 effossi
714 597 791 662 sunt,
814 593 908 651 dicere
927 593 1023 668 potuit
1038 597 1159 668 pacifice

93 675 234 742 morieris,
267 681 315 731 etc.
349 672 426 744 (vide
457 674 563 731 Jerem.
595 692 657 747 cap.
686 675 733 731 34.
765 692 808 731 vs.
841 674 890 746 5.).
923 673 952 731 Si
983 693 1019 731 ex
1051 678 1158 732 eventu

93 753 258 828 Proplretise
279 753 506 828 interpretandae
528 756 604 823 sunt,
627 753 690 811 haec
710 752 825 811 nomina
845 755 984 811 mutanda
1002 759 1107 825 essent,
1128 759 1158 812 et

93 852 145 909 pro
174 833 308 891 Tsidchia
329 833 494 905 Jechonias,
517 838 546 891 et
567 838 668 891 contra
688 853 741 908 pro
763 833 817 892 hoc
835 832 883 891 ille
904 834 1060 892 sumendus
1080 834 1157 893 vide-

93 917 189 972 retur:
213 913 262 971 sed
284 914 339 971 hoc
353 913 438 972 nimis
451 915 639 989 paradoxum,
652 914 780 988 adeoque
790 932 849 971 rem
861 918 894 971 ut
904 913 1156 990 imperceptibilem

92 993 253 1068 relinquere
274 994 359 1065 malo,
385 994 531 1069 praecipue
552 993 627 1068 quia,
649 993 675 1051 si
696 994 743 1053 hic
765 993 868 1068 aliquis
888 998 933 1052 est
953 1014 1042 1065 error,
1053 995 1079 1053 is
1092 995 1156 1053 His-

91 1072 192 1144 torico,
215 1093 272 1131 non
295 1073 366 1132 vitio
385 1072 600 1149 exemplarium,
622 1073 791 1132 tribuendus
812 1078 864 1132 est.
889 1074 970 1145 Quod
985 1075 1021 1133 ad
1032 1074 1158 1151 reliquos

92 1153 206 1223 attinet,
242 1173 313 1228 qnos
349 1154 417 1224 dixi,
441 1173 490 1212 cos
510 1154 557 1211 hic
578 1158 679 1212 notare
699 1174 758 1212 non
777 1159 856 1229 puto,
879 1155 1107 1229 qnandoquidem
1127 1155 1157 1213 id

91 1253 150 1291 non
181 1234 242 1291 sine
262 1254 369 1308 magno
391 1235 506 1293 lectoris
527 1234 615 1292 taedio
633 1234 745 1292 efficere
765 1234 888 1310 possim;
908 1235 1069 1310 praesertim
1091 1235 1157 1310 qnia

92 1316 130 1372 ab
152 1314 215 1372 aliis
233 1315 293 1389 jam
315 1315 516 1373 animadversa
538 1319 613 1372 sunt.
635 1314 709 1372 Nam
731 1315 766 1373 lt.
789 1314 1156 1373 Selcmoobmanifestissi-

92 1413 154 1452 mas
193 1395 444 1465 contradictiones,
478 1414 550 1469 quas
580 1394 610 1452 in
642 1393 741 1453 relatis
772 1394 949 1469 genealogiis
980 1395 1155 1466 observavit,

91 1479 209 1532 coactus
248 1480 293 1532 est
333 1475 364 1533 in
407 1475 467 1534 haec
508 1477 599 1533 verba
637 1494 794 1550 erumpere,
833 1494 936 1550 nempe
976 1475 1054 1548 (vide
1095 1475 1156 1551 ejus

90 1554 297 1613 commentaria
332 1555 362 1613 in
392 1555 440 1613 lib.
463 1558 500 1618 l.
533 1575 595 1630 cap.
628 1555 646 1613 8
674 1552 1155 1631 Paralip1)quodHezras(quem

89 1634 178 1692 libros
213 1636 309 1694 Paral.
344 1635 492 1710 scripsisse
526 1637 622 1710 putat)
656 1637 730 1708 filios
761 1637 941 1709 Beujauuiuia
971 1638 1038 1694 aliis
1066 1640 1153 1694 uomi-

91 1716 175 1773 uibus
205 1717 339 1790 appellat,
371 1719 487 1791 ejusque
506 1718 697 1792 aeuealcpiauu
718 1718 809 1787 aliter,
832 1736 919 1792 quoru
939 1736 1002 1791 auru
1022 1717 1155 1775 babemus

92 1798 122 1852 iu
153 1796 217 1853 libr.
253 1796 395 1862 Gauranos,
428 1799 546 1867 diducit,
578 1804 602 1854 et
629 1798 705 1872 quod
726 1798 845 1872 deuiquc
865 1799 1024 1854 auaui-ruam
1040 1803 1156 1871 partem

90 1877 238 1934 ciuitatum
270 1877 440 1935 heritarum
471 1878 554 1934 aliter
585 1895 671 1952 quatu
701 1876 794 1935 Jcseaa
821 1879 939 1947 iudicat,
967 1879 1034 1934 iude
1060 1880 1156 1942 creuit,

89 1958 167 2028 quod
187 1958 380 2030 discrepantia
402 1959 559 2033 oripiualia
579 1960 685 2014 iurauit
690 1979 702 2031 ,·
722 1962 752 2014 et
772 1957 858 2032 paulo
875 1956 1039 2032 infraqucd
1053 1957 1157 2015 Generi·

92 2037 167 2111 lcqia
202 2036 334 2094 Gibeouis
355 2044 379 2094 et
400 2039 526 2095 aliarum
548 2038 590 2095 bis
609 2045 634 2094 et
654 2039 734 2095 uarie
753 2038 934 2106 describitur,
955 2039 1025 2112 quia
1046 2037 1158 2095 Hearas

90 2118 189 2190 plures
219 2119 362 2174 atoarios
386 2119 611 2192 utriuscujusque
633 2118 811 2193 chcathioe
832 2119 977 2191 Epistulas
996 2119 1110 2187 iurauit,
1131 2125 1157 2174 et

90 2199 121 2252 iu
141 2197 185 2254 bis
206 2198 395 2255 describendis
416 2200 577 2255 maximum
597 2217 750 2258 urameuuru
771 2199 979 2270 exemplarium
989 2205 1098 2254 secutus
1108 2205 1158 2272 est;

90 2283 120 2333 at
152 2279 266 2352 quaudo
287 2297 424 2335 uumerus
448 2279 672 2352 discrepantium
695 2277 921 2353 Geticataporuuu
944 2279 1065 2352 aqualis
1083 2285 1156 2336 erat.

90 2364 151 2413 tuuc
171 2364 358 2432 utrorumque
379 2359 555 2432 cueutplcria
576 2359 733 2432 descripsit.
755 2358 852 2431 Atque
866 2358 921 2414 hoc
932 2357 1016 2414 modo
1027 2356 1157 2414 absolute

91 2436 229 2507 concedit,
252 2437 305 2494 hos
325 2437 414 2495 libros
435 2457 470 2495 ex
491 2437 680 2512 originalibus
700 2457 758 2495 non
779 2437 850 2495 satie
871 2435 1008 2495 correctis
1022 2436 1157 2495 necsatis

90 2516 177 2574 certis
198 2517 358 2592 descriptos
378 2517 482 2589 fuisse3
503 2517 560 2575 imo
581 2521 821 2576 commentatores
841 2517 896 2592 ipsi
910 2517 1076 2593 saepissime,
1090 2517 1156 2575 dum

91 2596 153 2654 loca
184 2596 337 2655 conciliare
359 2598 484 2667 student,
507 2597 579 2656 nihil
598 2599 663 2673 plus
684 2603 776 2672 agunt
797 2618 882 2674 quam
904 2617 1032 2656 errorum
1055 2617 1157 2655 causas

91 2674 231 2742 indicare:
264 2677 387 2752 denique
414 2678 557 2736 neminem
578 2677 641 2736 sani
658 2678 759 2752 judicii
779 2680 895 2737 credere
916 2678 1057 2747 existimo,
1080 2679 1156 2753 quod

91 2755 170 2814 Sacri
202 2757 340 2816 Historici
372 2759 503 2816 consulto
534 2758 576 2816 ita
604 2758 729 2817 scribere
749 2759 901 2827 voluerint,
923 2762 956 2816 ut
976 2758 1030 2816 sibi
1050 2757 1155 2832 passim

89 2837 287 2895 contradicere
315 2838 492 2897 viderentur.
515 2839 557 2896 At
576 2839 651 2897 forte
672 2838 776 2914 aliquis
796 2839 880 2909 dicet,
902 2858 948 2897 me
970 2839 1024 2896 hac
1044 2837 1157 2897 ratione

90 2915 267 2992 Scripturam
292 2919 378 2993 plane
399 2923 538 2990 evertere,
560 2938 626 2977 nam
648 2920 703 2977 hac
722 2920 843 2991 ratione,
865 2939 926 2977 eam
949 2918 1055 2994 ubique
1075 2938 1155 2976 men-

91 2998 189 3055 dosam
221 3017 292 3069 esse,
325 2998 465 3073 suspicari
488 3018 587 3057 omnes
603 3004 737 3074 possunt.
760 2999 814 3057 Sed
837 3018 891 3073 ego
912 3003 1014 3057 contra
1034 2999 1155 3067 ostendi,

90 3096 135 3134 me
156 3077 212 3136 hac
232 3078 345 3136 ratione
367 3078 522 3153 Scripturas
543 3080 699 3149 consulere,
721 3099 758 3137 ne
779 3081 841 3154 ejus
861 3080 924 3136 loca
945 3080 1023 3137 clara
1044 3082 1156 3153 etpura

91 3158 235 3215 mendosis
266 3160 519 3217 accommodentur
546 3163 575 3217 et
596 3163 832 3234 corrumpantur3
854 3179 915 3228 nec,
937 3159 1004 3232 quia
1025 3159 1155 3233 quaedam

57 3304 59 3313 ,
90 3238 154 3295 loca
174 3242 310 3313 corrupta
331 3244 407 3309 sunt,
430 3238 505 3297 idern
528 3241 562 3298 de
583 3239 714 3297 omnibus
730 3238 870 3313 suspicari
880 3238 959 3296 licet:
974 3239 1070 3296 nullus
1080 3237 1155 3295 enim

90 3317 162 3375 liber
183 3338 309 3394 unquam
331 3319 393 3377 sine
413 3319 524 3378 mendis
545 3324 677 3394 repertus
697 3328 750 3376 est.
772 3319 828 3387 An,
852 3337 955 3393 quaeso,
978 3337 1012 3375 ea
1023 3318 1058 3375 de
1070 3337 1156 3375 causa

89 3396 196 3473 ubique
227 3400 379 3457 mendosos
412 3399 515 3475 aliquis
545 3419 670 3475 unquam
700 3398 863 3473 suspicatus
883 3400 950 3456 est?
971 3417 1055 3455 nemo
1076 3418 1155 3468 sane,

89 3478 251 3552 pracsertim
280 3480 396 3554 quando
417 3479 510 3538 oratio
532 3485 576 3538 est
596 3479 755 3554 perspicua,
777 3483 807 3536 et
827 3498 908 3536 mens
928 3477 1059 3536 authoris
1080 3479 1156 3536 clare

87 3558 253 3633 percipitur.

128 3638 182 3696 His
214 3659 256 3707 ea,
291 3660 356 3714 quae
389 3640 465 3698 circa
496 3639 644 3698 historiam
672 3639 826 3696 Librorum*
844 3639 959 3697 Veteris
979 3639 1155 3698 Testamenti

90 3723 192 3777 notare
223 3720 379 3791 volueram,
412 3720 533 3791 absolvi,
564 3721 610 3778 Ex
640 3718 743 3794 quibus
773 3719 857 3777 facile
887 3719 1056 3794 colligimus,
1088 3725 1156 3778 ante

88 3802 202 3874 tempus
234 3801 465 3859 Machabaeornm
500 3801 608 3858 nullum
644 3819 782 3857 canonem
817 3800 969 3860 Sacrorum
1004 3800 1155 3858 Librorum
