<?xml version="1.0" encoding="UTF-8"?>
<!DOCTYPE html PUBLIC "-//W3C//DTD XHTML 1.0 Transitional//EN"
    "http://www.w3.org/TR/xhtml1/DTD/xhtml1-transitional.dtd">
<html xmlns="http://www.w3.org/1999/xhtml" xml:lang="en" lang="en">
 <head>
  <title>
</title>
<meta http-equiv="Content-Type" content="text/html;charset=utf-8" />
  <meta name='ocr-system' content='tesseract 3.04.00' />
  <meta name='ocr-capabilities' content='ocr_page ocr_carea ocr_par ocr_line ocrx_word'/>
</head>
<body>
  <div class='ocr_page' id='page_1' title='image "./operaquotquotre00landgoog_0365.png"; bbox 0 0 2662 4298; ppageno 0'>
   <div class='ocr_carea' id='block_1_1' title="bbox 132 319 781 378">
    <p class='ocr_par' dir='ltr' id='par_1_1' title="bbox 132 319 781 378">
     <span class='ocr_line' id='line_1_1' title="bbox 132 319 781 378; baseline 0.002 -2"><span class='ocrx_word' id='word_1_1' title='bbox 132 319 190 376; x_wconf 81' lang='lat'><strong>368</strong></span> <span class='ocrx_word' id='word_1_2' title='bbox 551 338 689 378; x_wconf 74' lang='lat' dir='ltr'><strong>semrom</strong></span> <span class='ocrx_word' id='word_1_3' title='bbox 717 339 781 377; x_wconf 74' lang='lat' dir='ltr'><strong>nm.</strong></span> 
     </span>
    </p>
   </div>
   <div class='ocr_carea' id='block_1_2' title="bbox 128 503 1209 2504">
    <p class='ocr_par' dir='ltr' id='par_1_2' title="bbox 128 503 1209 2504">
     <span class='ocr_line' id='line_1_2' title="bbox 132 503 1205 588; baseline 0.01 -26"><span class='ocrx_word' id='word_1_4' title='bbox 132 524 227 562; x_wconf 91' lang='lat' dir='ltr'><strong>rerum</strong></span> <span class='ocrx_word' id='word_1_5' title='bbox 257 503 393 562; x_wconf 81' lang='lat' dir='ltr'><strong>historias</strong></span> <span class='ocrx_word' id='word_1_6' title='bbox 423 505 537 563; x_wconf 83' lang='lat' dir='ltr'><strong>fabulas</strong></span> <span class='ocrx_word' id='word_1_7' title='bbox 568 525 631 563; x_wconf 87' lang='lat' dir='ltr'><strong>esse</strong></span> <span class='ocrx_word' id='word_1_8' title='bbox 657 503 804 563; x_wconf 86' lang='lat' dir='ltr'><strong>existimo.</strong></span> <span class='ocrx_word' id='word_1_9' title='bbox 829 505 868 563; x_wconf 92' lang='lat' dir='ltr'><strong>In</strong></span> <span class='ocrx_word' id='word_1_10' title='bbox 895 507 1107 584; x_wconf 85' lang='lat' dir='ltr'><strong>Tractatibus‚</strong></span> <span class='ocrx_word' id='word_1_11' title='bbox 1127 514 1205 588; x_wconf 86' lang='lat' dir='ltr'><strong>quide</strong></span> 
     </span>
     <span class='ocr_line' id='line_1_3' title="bbox 132 584 1204 664; baseline 0.01 -22"><span class='ocrx_word' id='word_1_12' title='bbox 132 584 285 660; x_wconf 84' lang='lat' dir='ltr'><strong>Spiritibus</strong></span> <span class='ocrx_word' id='word_1_13' title='bbox 316 589 416 659; x_wconf 87' lang='lat' dir='ltr'><strong>agunt,</strong></span> <span class='ocrx_word' id='word_1_14' title='bbox 447 584 728 644; x_wconf 79' lang='lat' dir='ltr'><strong>circumstantiarum</strong></span> <span class='ocrx_word' id='word_1_15' title='bbox 757 584 882 660; x_wconf 88' lang='lat' dir='ltr'><strong>copiam</strong></span> <span class='ocrx_word' id='word_1_16' title='bbox 920 587 1075 650; x_wconf 80' lang='lat' dir='ltr'><strong>invenies,</strong></span> <span class='ocrx_word' id='word_1_17' title='bbox 1109 594 1204 664; x_wconf 75' lang='lat' dir='ltr'><strong>Poteris</strong></span> 
     </span>
     <span class='ocr_line' id='line_1_4' title="bbox 132 664 1205 750; baseline 0.011 -28"><span class='ocrx_word' id='word_1_18' title='bbox 132 669 239 740; x_wconf 87' lang='lat' dir='ltr'><strong>praeter</strong></span> <span class='ocrx_word' id='word_1_19' title='bbox 266 664 415 739; x_wconf 85' lang='lat' dir='ltr'><strong>allegatos,</strong></span> <span class='ocrx_word' id='word_1_20' title='bbox 436 665 461 722; x_wconf 91' lang='lat' dir='ltr'><strong>si</strong></span> <span class='ocrx_word' id='word_1_21' title='bbox 481 666 584 740; x_wconf 85' lang='lat' dir='ltr'><strong>placet,</strong></span> <span class='ocrx_word' id='word_1_22' title='bbox 607 664 730 723; x_wconf 91' lang='lat' dir='ltr'><strong>Plinium</strong></span> <span class='ocrx_word' id='word_1_23' title='bbox 750 666 928 725; x_wconf 87' lang='lat' dir='ltr'><strong>secundum</strong></span> <span class='ocrx_word' id='word_1_24' title='bbox 951 669 1034 730; x_wconf 87' lang='lat' dir='ltr'><strong>libro</strong></span> <span class='ocrx_word' id='word_1_25' title='bbox 1058 674 1171 750; x_wconf 88' lang='lat' dir='ltr'><strong>septimo</strong></span> <span class='ocrx_word' id='word_1_26' title='bbox 1184 676 1205 733; x_wconf 91' lang='lat' dir='ltr'><strong>in</strong></span> 
     </span>
     <span class='ocr_line' id='line_1_5' title="bbox 131 744 1205 819; baseline 0.012 -17"><span class='ocrx_word' id='word_1_27' title='bbox 131 744 260 819; x_wconf 77' lang='lat' dir='ltr'><strong>Epistola</strong></span> <span class='ocrx_word' id='word_1_28' title='bbox 290 745 326 802; x_wconf 90' lang='lat' dir='ltr'><strong>ad</strong></span> <span class='ocrx_word' id='word_1_29' title='bbox 358 745 469 815; x_wconf 84' lang='lat' dir='ltr'><strong>Suram,</strong></span> <span class='ocrx_word' id='word_1_30' title='bbox 501 750 534 804; x_wconf 92' lang='lat' dir='ltr'><strong>ut</strong></span> <span class='ocrx_word' id='word_1_31' title='bbox 562 750 593 804; x_wconf 92' lang='lat' dir='ltr'><strong>et</strong></span> <span class='ocrx_word' id='word_1_32' title='bbox 623 744 791 804; x_wconf 81' lang='lat' dir='ltr'><strong>Suetonium</strong></span> <span class='ocrx_word' id='word_1_33' title='bbox 825 746 858 804; x_wconf 93' lang='lat' dir='ltr'><strong>in</strong></span> <span class='ocrx_word' id='word_1_34' title='bbox 896 748 969 808; x_wconf 82' lang='lat' dir='ltr'><strong>vita</strong></span> <span class='ocrx_word' id='word_1_35' title='bbox 1000 753 1078 811; x_wconf 88' lang='lat' dir='ltr'><strong>Julii</strong></span> <span class='ocrx_word' id='word_1_36' title='bbox 1108 754 1205 814; x_wconf 70' lang='lat' dir='ltr'><strong>Gauro</strong></span> 
     </span>
     <span class='ocr_line' id='line_1_6' title="bbox 131 824 1205 908; baseline 0.013 -27"><span class='ocrx_word' id='word_1_37' title='bbox 131 825 225 899; x_wconf 85' lang='lat' dir='ltr'><strong>capite</strong></span> <span class='ocrx_word' id='word_1_38' title='bbox 255 824 404 899; x_wconf 87' lang='lat' dir='ltr'><strong>trigesimo</strong></span> <span class='ocrx_word' id='word_1_39' title='bbox 435 826 568 896; x_wconf 90' lang='lat' dir='ltr'><strong>secundo,</strong></span> <span class='ocrx_word' id='word_1_40' title='bbox 601 825 748 884; x_wconf 85' lang='lat' dir='ltr'><strong>Valerium</strong></span> <span class='ocrx_word' id='word_1_41' title='bbox 777 826 960 888; x_wconf 87' lang='lat' dir='ltr'><strong>Maximum</strong></span> <span class='ocrx_word' id='word_1_42' title='bbox 993 832 1096 908; x_wconf 86' lang='lat' dir='ltr'><strong>capite</strong></span> <span class='ocrx_word' id='word_1_43' title='bbox 1126 843 1205 894; x_wconf 76' lang='lat' dir='ltr'><strong>octavo</strong></span> 
     </span>
     <span class='ocr_line' id='line_1_7' title="bbox 130 903 1205 982; baseline 0.015 -22"><span class='ocrx_word' id='word_1_44' title='bbox 130 903 195 962; x_wconf 88' lang='lat' dir='ltr'><strong>libri</strong></span> <span class='ocrx_word' id='word_1_45' title='bbox 225 904 310 979; x_wconf 90' lang='lat' dir='ltr'><strong>primi</strong></span> <span class='ocrx_word' id='word_1_46' title='bbox 345 905 472 964; x_wconf 79' lang='lat' dir='ltr'><strong>sectione</strong></span> <span class='ocrx_word' id='word_1_47' title='bbox 504 906 626 982; x_wconf 88' lang='lat' dir='ltr'><strong>septima</strong></span> <span class='ocrx_word' id='word_1_48' title='bbox 657 910 687 964; x_wconf 91' lang='lat' dir='ltr'><strong>et</strong></span> <span class='ocrx_word' id='word_1_49' title='bbox 716 910 832 974; x_wconf 88' lang='lat' dir='ltr'><strong>octava,</strong></span> <span class='ocrx_word' id='word_1_50' title='bbox 868 912 905 966; x_wconf 91' lang='lat' dir='ltr'><strong>et</strong></span> <span class='ocrx_word' id='word_1_51' title='bbox 945 911 1154 974; x_wconf 79' lang='lat' dir='ltr'><strong>Alexandrum</strong></span> <span class='ocrx_word' id='word_1_52' title='bbox 1181 919 1205 974; x_wconf 85' lang='lat' dir='ltr'><strong>ab</strong></span> 
     </span>
     <span class='ocr_line' id='line_1_8' title="bbox 130 984 1206 1061; baseline 0.013 -20"><span class='ocrx_word' id='word_1_53' title='bbox 130 984 297 1043; x_wconf 83' lang='lat' dir='ltr'><strong>Alexandro</strong></span> <span class='ocrx_word' id='word_1_54' title='bbox 328 985 358 1044; x_wconf 91' lang='lat' dir='ltr'><strong>iu</strong></span> <span class='ocrx_word' id='word_1_55' title='bbox 388 1005 473 1061; x_wconf 91' lang='lat' dir='ltr'><strong>opere</strong></span> <span class='ocrx_word' id='word_1_56' title='bbox 504 986 622 1044; x_wconf 89' lang='lat' dir='ltr'><strong>Diernm</strong></span> <span class='ocrx_word' id='word_1_57' title='bbox 653 984 816 1044; x_wconf 85' lang='lat' dir='ltr'><strong>Genialium</strong></span> <span class='ocrx_word' id='word_1_58' title='bbox 829 987 846 1020; x_wconf 84' lang='lat'><strong>*</strong></span> <span class='ocrx_word' id='word_1_59' title='bbox 868 992 1058 1053; x_wconf 89' lang='lat' dir='ltr'><strong>consulere:</strong></span> <span class='ocrx_word' id='word_1_60' title='bbox 1082 996 1134 1054; x_wconf 92' lang='lat' dir='ltr'><strong>hos</strong></span> <span class='ocrx_word' id='word_1_61' title='bbox 1150 997 1206 1055; x_wconf 85' lang='lat' dir='ltr'><strong>enim</strong></span> 
     </span>
     <span class='ocr_line' id='line_1_9' title="bbox 130 1065 1206 1145; baseline 0.014 -24"><span class='ocrx_word' id='word_1_62' title='bbox 130 1083 218 1139; x_wconf 90' lang='lat' dir='ltr'><strong>penes</strong></span> <span class='ocrx_word' id='word_1_63' title='bbox 249 1069 278 1123; x_wconf 90' lang='lat' dir='ltr'><strong>te</strong></span> <span class='ocrx_word' id='word_1_64' title='bbox 309 1085 372 1124; x_wconf 88' lang='lat' dir='ltr'><strong>esse</strong></span> <span class='ocrx_word' id='word_1_65' title='bbox 392 1066 480 1124; x_wconf 89' lang='lat' dir='ltr'><strong>libros</strong></span> <span class='ocrx_word' id='word_1_66' title='bbox 500 1065 570 1124; x_wconf 91' lang='lat' dir='ltr'><strong>mibi</strong></span> <span class='ocrx_word' id='word_1_67' title='bbox 590 1066 757 1142; x_wconf 80' lang='lat' dir='ltr'><strong>persuadeo.</strong></span> <span class='ocrx_word' id='word_1_68' title='bbox 779 1065 849 1124; x_wconf 92' lang='lat' dir='ltr'><strong>Non</strong></span> <span class='ocrx_word' id='word_1_69' title='bbox 870 1067 993 1145; x_wconf 90' lang='lat' dir='ltr'><strong>loquor</strong></span> <span class='ocrx_word' id='word_1_70' title='bbox 1015 1075 1055 1132; x_wconf 91' lang='lat' dir='ltr'><strong>de</strong></span> <span class='ocrx_word' id='word_1_71' title='bbox 1077 1077 1206 1135; x_wconf 83' lang='lat' dir='ltr'><strong>Monachis</strong></span> 
     </span>
     <span class='ocr_line' id='line_1_10' title="bbox 130 1144 1205 1233; baseline 0.015 -32"><span class='ocrx_word' id='word_1_72' title='bbox 130 1150 159 1201; x_wconf 94' lang='lat' dir='ltr'><strong>et</strong></span> <span class='ocrx_word' id='word_1_73' title='bbox 189 1144 315 1217; x_wconf 76' lang='lat' dir='ltr'><strong>Clericis,</strong></span> <span class='ocrx_word' id='word_1_74' title='bbox 349 1146 398 1222; x_wconf 92' lang='lat' dir='ltr'><strong>qui</strong></span> <span class='ocrx_word' id='word_1_75' title='bbox 429 1151 474 1205; x_wconf 92' lang='lat' dir='ltr'><strong>tot</strong></span> <span class='ocrx_word' id='word_1_76' title='bbox 503 1146 663 1205; x_wconf 87' lang='lat' dir='ltr'><strong>animarum</strong></span> <span class='ocrx_word' id='word_1_77' title='bbox 686 1165 721 1204; x_wconf 87' lang='lat' dir='ltr'><strong>ac</strong></span> <span class='ocrx_word' id='word_1_78' title='bbox 741 1145 887 1205; x_wconf 86' lang='lat' dir='ltr'><strong>malorum</strong></span> <span class='ocrx_word' id='word_1_79' title='bbox 914 1149 1095 1226; x_wconf 84' lang='lat' dir='ltr'><strong>Spirituum</strong></span> <span class='ocrx_word' id='word_1_80' title='bbox 1115 1158 1205 1233; x_wconf 82' lang='lat' dir='ltr'><strong>appari·</strong></span> 
     </span>
     <span class='ocr_line' id='line_1_11' title="bbox 130 1224 1205 1311; baseline 0.014 -29"><span class='ocrx_word' id='word_1_81' title='bbox 130 1224 223 1283; x_wconf 87' lang='lat' dir='ltr'><strong>tiones</strong></span> <span class='ocrx_word' id='word_1_82' title='bbox 254 1230 283 1283; x_wconf 87' lang='lat' dir='ltr'><strong>ei</strong></span> <span class='ocrx_word' id='word_1_83' title='bbox 314 1226 448 1297; x_wconf 82' lang='lat' dir='ltr'><strong>visiones,</strong></span> <span class='ocrx_word' id='word_1_84' title='bbox 479 1231 588 1301; x_wconf 88' lang='lat' dir='ltr'><strong>totque,</strong></span> <span class='ocrx_word' id='word_1_85' title='bbox 619 1231 653 1284; x_wconf 92' lang='lat' dir='ltr'><strong>ut</strong></span> <span class='ocrx_word' id='word_1_86' title='bbox 682 1225 723 1284; x_wconf 93' lang='lat' dir='ltr'><strong>sic</strong></span> <span class='ocrx_word' id='word_1_87' title='bbox 753 1226 859 1300; x_wconf 87' lang='lat' dir='ltr'><strong>loquar</strong></span> <span class='ocrx_word' id='word_1_88' title='bbox 888 1231 1013 1304; x_wconf 70' lang='lat' dir='ltr'><strong>potius</strong></span> <span class='ocrx_word' id='word_1_89' title='bbox 1037 1235 1205 1311; x_wconf 86' lang='lat' dir='ltr'><strong>Speotromu</strong></span> 
     </span>
     <span class='ocr_line' id='line_1_12' title="bbox 130 1305 1206 1392; baseline 0.015 -30"><span class='ocrx_word' id='word_1_90' title='bbox 130 1306 242 1363; x_wconf 82' lang='lat' dir='ltr'><strong>fabulas</strong></span> <span class='ocrx_word' id='word_1_91' title='bbox 269 1307 407 1376; x_wconf 85' lang='lat' dir='ltr'><strong>referunt,</strong></span> <span class='ocrx_word' id='word_1_92' title='bbox 431 1312 472 1375; x_wconf 90' lang='lat' dir='ltr'><strong>ut,</strong></span> <span class='ocrx_word' id='word_1_93' title='bbox 500 1326 561 1382; x_wconf 87' lang='lat' dir='ltr'><strong>prae</strong></span> <span class='ocrx_word' id='word_1_94' title='bbox 583 1306 674 1382; x_wconf 87' lang='lat' dir='ltr'><strong>copia,</strong></span> <span class='ocrx_word' id='word_1_95' title='bbox 696 1305 783 1364; x_wconf 86' lang='lat' dir='ltr'><strong>taedio</strong></span> <span class='ocrx_word' id='word_1_96' title='bbox 802 1306 947 1368; x_wconf 87' lang='lat' dir='ltr'><strong>officiant</strong></span> <span class='ocrx_word' id='word_1_97' title='bbox 970 1313 1128 1375; x_wconf 89' lang='lat' dir='ltr'><strong>lectorem.</strong></span> <span class='ocrx_word' id='word_1_98' title='bbox 1149 1319 1206 1392; x_wconf 81' lang='lat' dir='ltr'><strong>Thy·</strong></span> 
     </span>
     <span class='ocr_line' id='line_1_13' title="bbox 130 1385 1207 1464; baseline 0.013 -21"><span class='ocrx_word' id='word_1_99' title='bbox 130 1405 206 1444; x_wconf 86' lang='lat' dir='ltr'><strong>raeus</strong></span> <span class='ocrx_word' id='word_1_100' title='bbox 239 1387 353 1445; x_wconf 84' lang='lat' dir='ltr'><strong>Jesuita</strong></span> <span class='ocrx_word' id='word_1_101' title='bbox 386 1386 416 1444; x_wconf 92' lang='lat' dir='ltr'><strong>in</strong></span> <span class='ocrx_word' id='word_1_102' title='bbox 450 1386 523 1445; x_wconf 89' lang='lat' dir='ltr'><strong>libro</strong></span> <span class='ocrx_word' id='word_1_103' title='bbox 558 1387 593 1445; x_wconf 90' lang='lat' dir='ltr'><strong>de</strong></span> <span class='ocrx_word' id='word_1_104' title='bbox 627 1385 784 1461; x_wconf 85' lang='lat' dir='ltr'><strong>Spirituum</strong></span> <span class='ocrx_word' id='word_1_105' title='bbox 814 1389 1074 1464; x_wconf 84' lang='lat' dir='ltr'><strong>apparitionibus</strong></span> <span class='ocrx_word' id='word_1_106' title='bbox 1090 1401 1123 1433; x_wconf 84' lang='lat'><strong>**</strong></span> <span class='ocrx_word' id='word_1_107' title='bbox 1154 1398 1207 1456; x_wconf 85' lang='lat' dir='ltr'><strong>talia</strong></span> 
     </span>
     <span class='ocr_line' id='line_1_14' title="bbox 131 1465 1206 1552; baseline 0.012 -29"><span class='ocrx_word' id='word_1_108' title='bbox 131 1485 244 1541; x_wconf 80' lang='lat' dir='ltr'><strong>quoque</strong></span> <span class='ocrx_word' id='word_1_109' title='bbox 264 1470 380 1525; x_wconf 86' lang='lat' dir='ltr'><strong>tractat.</strong></span> <span class='ocrx_word' id='word_1_110' title='bbox 403 1467 449 1524; x_wconf 91' lang='lat' dir='ltr'><strong>Illi</strong></span> <span class='ocrx_word' id='word_1_111' title='bbox 469 1472 566 1525; x_wconf 84' lang='lat' dir='ltr'><strong>autern</strong></span> <span class='ocrx_word' id='word_1_112' title='bbox 586 1467 658 1525; x_wconf 91' lang='lat' dir='ltr'><strong>lucri</strong></span> <span class='ocrx_word' id='word_1_113' title='bbox 678 1465 857 1525; x_wconf 88' lang='lat' dir='ltr'><strong>solummodo</strong></span> <span class='ocrx_word' id='word_1_114' title='bbox 879 1488 992 1544; x_wconf 87' lang='lat' dir='ltr'><strong>causa,</strong></span> <span class='ocrx_word' id='word_1_115' title='bbox 1016 1481 1113 1552; x_wconf 91' lang='lat' dir='ltr'><strong>utque</strong></span> <span class='ocrx_word' id='word_1_116' title='bbox 1125 1479 1206 1536; x_wconf 82' lang='lat' dir='ltr'><strong>melius</strong></span> 
     </span>
     <span class='ocr_line' id='line_1_15' title="bbox 130 1547 1206 1630; baseline 0.012 -28"><span class='ocrx_word' id='word_1_117' title='bbox 130 1565 192 1603; x_wconf 87' lang='lat' dir='ltr'><strong>esse</strong></span> <span class='ocrx_word' id='word_1_118' title='bbox 222 1547 421 1621; x_wconf 83' lang='lat' dir='ltr'><strong>purgatorium</strong></span> <span class='ocrx_word' id='word_1_119' title='bbox 452 1550 583 1622; x_wconf 80' lang='lat' dir='ltr'><strong>probent,</strong></span> <span class='ocrx_word' id='word_1_120' title='bbox 616 1548 679 1605; x_wconf 85' lang='lat' dir='ltr'><strong>haec</strong></span> <span class='ocrx_word' id='word_1_121' title='bbox 708 1551 847 1618; x_wconf 83' lang='lat' dir='ltr'><strong>tractant,</strong></span> <span class='ocrx_word' id='word_1_122' title='bbox 882 1567 957 1624; x_wconf 86' lang='lat' dir='ltr'><strong>quae</strong></span> <span class='ocrx_word' id='word_1_123' title='bbox 992 1554 1072 1630; x_wconf 88' lang='lat' dir='ltr'><strong>ipsis</strong></span> <span class='ocrx_word' id='word_1_124' title='bbox 1107 1559 1206 1620; x_wconf 80' lang='lat' dir='ltr'><strong>minora</strong></span> 
     </span>
     <span class='ocr_line' id='line_1_16' title="bbox 129 1625 1206 1701; baseline 0.006 -19"><span class='ocrx_word' id='word_1_125' title='bbox 129 1627 205 1683; x_wconf 92' lang='lat' dir='ltr'><strong>unde</strong></span> <span class='ocrx_word' id='word_1_126' title='bbox 236 1631 347 1685; x_wconf 87' lang='lat' dir='ltr'><strong>tantam</strong></span> <span class='ocrx_word' id='word_1_127' title='bbox 369 1627 487 1686; x_wconf 87' lang='lat' dir='ltr'><strong>auriac</strong></span> <span class='ocrx_word' id='word_1_128' title='bbox 507 1627 622 1701; x_wconf 84' lang='lat' dir='ltr'><strong>argenti</strong></span> <span class='ocrx_word' id='word_1_129' title='bbox 642 1627 699 1685; x_wconf 91' lang='lat' dir='ltr'><strong>vim</strong></span> <span class='ocrx_word' id='word_1_130' title='bbox 720 1625 871 1695; x_wconf 85' lang='lat' dir='ltr'><strong>effodiunt,</strong></span> <span class='ocrx_word' id='word_1_131' title='bbox 895 1631 1022 1694; x_wconf 76' lang='lat' dir='ltr'><strong>existit,</strong></span> <span class='ocrx_word' id='word_1_132' title='bbox 1046 1637 1084 1696; x_wconf 87' lang='lat' dir='ltr'><strong>Id</strong></span> <span class='ocrx_word' id='word_1_133' title='bbox 1106 1640 1206 1698; x_wconf 73' lang='lat' dir='ltr'><strong>veroin</strong></span> 
     </span>
     <span class='ocr_line' id='line_1_17' title="bbox 129 1706 1206 1786; baseline 0.017 -24"><span class='ocrx_word' id='word_1_134' title='bbox 129 1706 303 1775; x_wconf 87' lang='lat' dir='ltr'><strong>memoratis,</strong></span> <span class='ocrx_word' id='word_1_135' title='bbox 326 1707 445 1782; x_wconf 83' lang='lat' dir='ltr'><strong>aliisque</strong></span> <span class='ocrx_word' id='word_1_136' title='bbox 465 1707 611 1765; x_wconf 87' lang='lat' dir='ltr'><strong>modernis</strong></span> <span class='ocrx_word' id='word_1_137' title='bbox 631 1706 824 1782; x_wconf 84' lang='lat' dir='ltr'><strong>Scriptoribus</strong></span> <span class='ocrx_word' id='word_1_138' title='bbox 846 1709 970 1771; x_wconf 88' lang='lat' dir='ltr'><strong>nullum</strong></span> <span class='ocrx_word' id='word_1_139' title='bbox 988 1716 1112 1778; x_wconf 88' lang='lat' dir='ltr'><strong>obtinet</strong></span> <span class='ocrx_word' id='word_1_140' title='bbox 1121 1721 1206 1786; x_wconf 85' lang='lat' dir='ltr'><strong>locun,</strong></span> 
     </span>
     <span class='ocr_line' id='line_1_18' title="bbox 129 1785 1166 1862; baseline 0.017 -21"><span class='ocrx_word' id='word_1_141' title='bbox 129 1785 178 1858; x_wconf 86' lang='lat' dir='ltr'><strong>qui</strong></span> <span class='ocrx_word' id='word_1_142' title='bbox 199 1785 260 1843; x_wconf 89' lang='lat' dir='ltr'><strong>sine</strong></span> <span class='ocrx_word' id='word_1_143' title='bbox 281 1786 407 1861; x_wconf 87' lang='lat' dir='ltr'><strong>partium</strong></span> <span class='ocrx_word' id='word_1_144' title='bbox 428 1787 523 1846; x_wconf 87' lang='lat' dir='ltr'><strong>studio</strong></span> <span class='ocrx_word' id='word_1_145' title='bbox 544 1788 684 1862; x_wconf 86' lang='lat' dir='ltr'><strong>majorem</strong></span> <span class='ocrx_word' id='word_1_146' title='bbox 705 1791 860 1862; x_wconf 87' lang='lat' dir='ltr'><strong>propterea</strong></span> <span class='ocrx_word' id='word_1_147' title='bbox 882 1799 1052 1856; x_wconf 88' lang='lat' dir='ltr'><strong>merentur</strong></span> <span class='ocrx_word' id='word_1_148' title='bbox 1074 1799 1166 1859; x_wconf 91' lang='lat' dir='ltr'><strong>fidem.</strong></span> 
     </span>
     <span class='ocr_line' id='line_1_19' title="bbox 170 1865 1207 1942; baseline 0.018 -21"><span class='ocrx_word' id='word_1_149' title='bbox 170 1865 373 1940; x_wconf 89' lang='lat' dir='ltr'><strong>Responsionis</strong></span> <span class='ocrx_word' id='word_1_150' title='bbox 394 1867 457 1925; x_wconf 87' lang='lat' dir='ltr'><strong>vice</strong></span> <span class='ocrx_word' id='word_1_151' title='bbox 478 1868 514 1925; x_wconf 88' lang='lat' dir='ltr'><strong>ad</strong></span> <span class='ocrx_word' id='word_1_152' title='bbox 535 1872 614 1926; x_wconf 91' lang='lat' dir='ltr'><strong>tuam</strong></span> <span class='ocrx_word' id='word_1_153' title='bbox 636 1867 794 1942; x_wconf 85' lang='lat' dir='ltr'><strong>epistolam,</strong></span> <span class='ocrx_word' id='word_1_154' title='bbox 817 1867 868 1925; x_wconf 92' lang='lat' dir='ltr'><strong>ubi</strong></span> <span class='ocrx_word' id='word_1_155' title='bbox 890 1870 928 1928; x_wconf 90' lang='lat' dir='ltr'><strong>ds</strong></span> <span class='ocrx_word' id='word_1_156' title='bbox 952 1877 1065 1936; x_wconf 92' lang='lat' dir='ltr'><strong>stultis</strong></span> <span class='ocrx_word' id='word_1_157' title='bbox 1087 1885 1119 1938; x_wconf 93' lang='lat' dir='ltr'><strong>et</strong></span> <span class='ocrx_word' id='word_1_158' title='bbox 1130 1900 1207 1938; x_wconf 90' lang='lat' dir='ltr'><strong>amen·</strong></span> 
     </span>
     <span class='ocr_line' id='line_1_20' title="bbox 128 1945 1207 2034; baseline 0.017 -31"><span class='ocrx_word' id='word_1_159' title='bbox 128 1945 205 2003; x_wconf 87' lang='lat' dir='ltr'><strong>tibus</strong></span> <span class='ocrx_word' id='word_1_160' title='bbox 228 1950 318 2005; x_wconf 86' lang='lat' dir='ltr'><strong>verba</strong></span> <span class='ocrx_word' id='word_1_161' title='bbox 338 1947 417 2018; x_wconf 89' lang='lat' dir='ltr'><strong>facis,</strong></span> <span class='ocrx_word' id='word_1_162' title='bbox 440 1947 486 2005; x_wconf 89' lang='lat' dir='ltr'><strong>hic</strong></span> <span class='ocrx_word' id='word_1_163' title='bbox 507 1947 717 2005; x_wconf 82' lang='lat' dir='ltr'><strong>conclusionem</strong></span> <span class='ocrx_word' id='word_1_164' title='bbox 738 1946 852 2005; x_wconf 81' lang='lat' dir='ltr'><strong>Eruditi</strong></span> <span class='ocrx_word' id='word_1_165' title='bbox 866 1949 1034 2027; x_wconf 84' lang='lat' dir='ltr'><strong>Lavaten&#39;,</strong></span> <span class='ocrx_word' id='word_1_166' title='bbox 1048 1961 1207 2034; x_wconf 87' lang='lat' dir='ltr'><strong>qualibmn</strong></span> 
     </span>
     <span class='ocr_line' id='line_1_21' title="bbox 128 2026 1206 2117; baseline 0.014 -34"><span class='ocrx_word' id='word_1_167' title='bbox 128 2046 211 2084; x_wconf 91' lang='lat' dir='ltr'><strong>suum</strong></span> <span class='ocrx_word' id='word_1_168' title='bbox 233 2027 353 2103; x_wconf 84' lang='lat' dir='ltr'><strong>primum</strong></span> <span class='ocrx_word' id='word_1_169' title='bbox 375 2028 410 2086; x_wconf 93' lang='lat' dir='ltr'><strong>de</strong></span> <span class='ocrx_word' id='word_1_170' title='bbox 431 2027 558 2102; x_wconf 81' lang='lat' dir='ltr'><strong>Spectris</strong></span> <span class='ocrx_word' id='word_1_171' title='bbox 579 2032 630 2085; x_wconf 89' lang='lat' dir='ltr'><strong>aut</strong></span> <span class='ocrx_word' id='word_1_172' title='bbox 650 2026 820 2086; x_wconf 87' lang='lat' dir='ltr'><strong>Lemuribus</strong></span> <span class='ocrx_word' id='word_1_173' title='bbox 841 2027 889 2086; x_wconf 85' lang='lat' dir='ltr'><strong>his</strong></span> <span class='ocrx_word' id='word_1_174' title='bbox 912 2035 1025 2094; x_wconf 89' lang='lat' dir='ltr'><strong>verbis</strong></span> <span class='ocrx_word' id='word_1_175' title='bbox 1043 2040 1122 2112; x_wconf 89' lang='lat' dir='ltr'><strong>finit,</strong></span> <span class='ocrx_word' id='word_1_176' title='bbox 1137 2061 1206 2117; x_wconf 91' lang='lat' dir='ltr'><strong>pono.</strong></span> 
     </span>
     <span class='ocr_line' id='line_1_22' title="bbox 131 2108 1208 2194; baseline 0.013 -31"><span class='ocrx_word' id='word_1_177' title='bbox 131 2108 187 2177; x_wconf 77' lang='lat' dir='ltr'><strong>Qui</strong></span> <span class='ocrx_word' id='word_1_178' title='bbox 217 2115 255 2165; x_wconf 92' lang='lat' dir='ltr'><strong>tot</strong></span> <span class='ocrx_word' id='word_1_179' title='bbox 285 2111 443 2177; x_wconf 67' lang='lat' dir='ltr'><strong>iterantium,</strong></span> <span class='ocrx_word' id='word_1_180' title='bbox 474 2116 533 2165; x_wconf 84' lang='lat' dir='ltr'><strong>torn</strong></span> <span class='ocrx_word' id='word_1_181' title='bbox 563 2109 714 2166; x_wconf 75' lang='lat' dir='ltr'><strong>hodiernos</strong></span> <span class='ocrx_word' id='word_1_182' title='bbox 744 2127 831 2183; x_wconf 82' lang='lat' dir='ltr'><strong>qnam</strong></span> <span class='ocrx_word' id='word_1_183' title='bbox 864 2117 978 2172; x_wconf 81' lang='lat' dir='ltr'><strong>veteres</strong></span> <span class='ocrx_word' id='word_1_184' title='bbox 1002 2137 1117 2194; x_wconf 76' lang='lat' dir='ltr'><strong>neqare</strong></span> <span class='ocrx_word' id='word_1_185' title='bbox 1137 2124 1208 2180; x_wconf 84' lang='lat' dir='ltr'><strong>audet</strong></span> 
     </span>
     <span class='ocr_line' id='line_1_23' title="bbox 128 2190 1209 2263; baseline 0.016 -20"><span class='ocrx_word' id='word_1_186' title='bbox 128 2195 213 2257; x_wconf 80' lang='lat' dir='ltr'><strong>testes,</strong></span> <span class='ocrx_word' id='word_1_187' title='bbox 235 2190 291 2261; x_wconf 80' lang='lat' dir='ltr'><strong>fide</strong></span> <span class='ocrx_word' id='word_1_188' title='bbox 314 2190 386 2245; x_wconf 80' lang='lat' dir='ltr'><strong>initi</strong></span> <span class='ocrx_word' id='word_1_189' title='bbox 405 2190 541 2263; x_wconf 78' lang='lat' dir='ltr'><strong>irntipnns</strong></span> <span class='ocrx_word' id='word_1_190' title='bbox 562 2196 704 2246; x_wconf 85' lang='lat' dir='ltr'><strong>censetur:</strong></span> <span class='ocrx_word' id='word_1_191' title='bbox 726 2190 977 2263; x_wconf 78' lang='lat' dir='ltr'><strong>qneinadmodnrn</strong></span> <span class='ocrx_word' id='word_1_192' title='bbox 1002 2203 1086 2258; x_wconf 82' lang='lat' dir='ltr'><strong>enirn</strong></span> <span class='ocrx_word' id='word_1_193' title='bbox 1102 2204 1209 2259; x_wconf 80' lang='lat' dir='ltr'><strong>leuitatis</strong></span> 
     </span>
     <span class='ocr_line' id='line_1_24' title="bbox 128 2269 1208 2356; baseline 0.019 -34"><span class='ocrx_word' id='word_1_194' title='bbox 128 2271 239 2341; x_wconf 74' lang='lat' dir='ltr'><strong>sipnrnn</strong></span> <span class='ocrx_word' id='word_1_195' title='bbox 273 2276 310 2326; x_wconf 87' lang='lat' dir='ltr'><strong>est</strong></span> <span class='ocrx_word' id='word_1_196' title='bbox 341 2272 377 2327; x_wconf 84' lang='lat' dir='ltr'><strong>iis</strong></span> <span class='ocrx_word' id='word_1_197' title='bbox 408 2269 546 2338; x_wconf 83' lang='lat' dir='ltr'><strong>omnibns,</strong></span> <span class='ocrx_word' id='word_1_198' title='bbox 579 2271 628 2343; x_wconf 82' lang='lat' dir='ltr'><strong>qni</strong></span> <span class='ocrx_word' id='word_1_199' title='bbox 656 2289 684 2327; x_wconf 90' lang='lat' dir='ltr'><strong>se</strong></span> <span class='ocrx_word' id='word_1_200' title='bbox 705 2270 836 2343; x_wconf 78' lang='lat' dir='ltr'><strong>precedunt</strong></span> <span class='ocrx_word' id='word_1_201' title='bbox 857 2271 966 2330; x_wconf 80' lang='lat' dir='ltr'><strong>cidisse</strong></span> <span class='ocrx_word' id='word_1_202' title='bbox 990 2289 1118 2351; x_wconf 80' lang='lat' dir='ltr'><strong>spectro</strong></span> <span class='ocrx_word' id='word_1_203' title='bbox 1141 2285 1208 2356; x_wconf 74' lang='lat' dir='ltr'><strong>offir-</strong></span> 
     </span>
     <span class='ocr_line' id='line_1_25' title="bbox 131 2351 1209 2435; baseline 0.013 -32"><span class='ocrx_word' id='word_1_204' title='bbox 131 2356 218 2418; x_wconf 72' lang='lat' dir='ltr'><strong>nrnnt</strong></span> <span class='ocrx_word' id='word_1_205' title='bbox 248 2353 384 2423; x_wconf 83' lang='lat' dir='ltr'><strong>protinus</strong></span> <span class='ocrx_word' id='word_1_206' title='bbox 414 2351 542 2424; x_wconf 83' lang='lat' dir='ltr'><strong>eredere;</strong></span> <span class='ocrx_word' id='word_1_207' title='bbox 572 2351 615 2405; x_wconf 86' lang='lat' dir='ltr'><strong>ito</strong></span> <span class='ocrx_word' id='word_1_208' title='bbox 645 2351 831 2420; x_wconf 64' lang='lat' dir='ltr'><strong>econtrario</strong></span> <span class='ocrx_word' id='word_1_209' title='bbox 855 2356 895 2406; x_wconf 87' lang='lat' dir='ltr'><strong>tot</strong></span> <span class='ocrx_word' id='word_1_210' title='bbox 916 2354 979 2424; x_wconf 79' lang='lat' dir='ltr'><strong>fide</strong></span> <span class='ocrx_word' id='word_1_211' title='bbox 1003 2360 1111 2435; x_wconf 72' lang='lat' dir='ltr'><strong>(tipicis</strong></span> <span class='ocrx_word' id='word_1_212' title='bbox 1125 2364 1209 2420; x_wconf 86' lang='lat' dir='ltr'><strong>Histo-</strong></span> 
     </span>
     <span class='ocr_line' id='line_1_26' title="bbox 129 2430 1209 2504; baseline 0.014 -21"><span class='ocrx_word' id='word_1_213' title='bbox 129 2431 205 2497; x_wconf 84' lang='lat' dir='ltr'><strong>riois,</strong></span> <span class='ocrx_word' id='word_1_214' title='bbox 238 2432 379 2500; x_wconf 74' lang='lat' dir='ltr'><strong>Patribus,</strong></span> <span class='ocrx_word' id='word_1_215' title='bbox 413 2432 532 2504; x_wconf 79' lang='lat' dir='ltr'><strong>aliisque</strong></span> <span class='ocrx_word' id='word_1_216' title='bbox 562 2448 668 2504; x_wconf 72' lang='lat' dir='ltr'><strong>rrinpnn</strong></span> <span class='ocrx_word' id='word_1_217' title='bbox 694 2430 829 2503; x_wconf 82' lang='lat' dir='ltr'><strong>proeditis</strong></span> <span class='ocrx_word' id='word_1_218' title='bbox 858 2436 1029 2495; x_wconf 81' lang='lat' dir='ltr'><strong>anteritate</strong></span> <span class='ocrx_word' id='word_1_219' title='bbox 1064 2449 1168 2501; x_wconf 82' lang='lat' dir='ltr'><strong>temere</strong></span> <span class='ocrx_word' id='word_1_220' title='bbox 1190 2451 1209 2500; x_wconf 83' lang='lat' dir='ltr'><strong>et</strong></span> 
     </span>
    </p>
   </div>
   <div class='ocr_carea' id='block_1_3' title="bbox 128 2510 1005 2645">
    <p class='ocr_par' dir='ltr' id='par_1_3' title="bbox 128 2510 1005 2645">
     <span class='ocr_line' id='line_1_27' title="bbox 128 2510 1005 2630; baseline 0.013 -67"><span class='ocrx_word' id='word_1_221' title='bbox 128 2510 306 2630; x_wconf 50' lang='lat' dir='ltr'><strong>inpfudenter</strong></span> <span class='ocrx_word' id='word_1_222' title='bbox 328 2512 527 2579; x_wconf 80' lang='lat' dir='ltr'><strong>contradicere,</strong></span> <span class='ocrx_word' id='word_1_223' title='bbox 551 2512 670 2585; x_wconf 77' lang='lat' dir='ltr'><strong>insipnis</strong></span> <span class='ocrx_word' id='word_1_224' title='bbox 701 2516 766 2566; x_wconf 89' lang='lat' dir='ltr'><strong>esset</strong></span> <span class='ocrx_word' id='word_1_225' title='bbox 788 2511 1005 2582; x_wconf 78' lang='lat' dir='ltr'><strong>imprudentia.</strong></span> 
     </span>
     <span class='ocr_line' id='line_1_28' title="bbox 160 2589 419 2645; baseline 0.004 -13"><span class='ocrx_word' id='word_1_226' title='bbox 160 2595 165 2608; x_wconf 71' lang='lat'>⁸</span> <span class='ocrx_word' id='word_1_227' title='bbox 207 2589 333 2645; x_wconf 83' lang='lat' dir='ltr'><strong>Septemb.</strong></span> <span class='ocrx_word' id='word_1_228' title='bbox 353 2590 419 2635; x_wconf 71' lang='lat' dir='ltr'><strong>litii.</strong></span> 
     </span>
    </p>
   </div>
   <div class='ocr_carea' id='block_1_4' title="bbox 582 2653 741 2663">
    <p class='ocr_par' dir='ltr' id='par_1_4' title="bbox 582 2653 741 2663">
     <span class='ocr_line' id='line_1_29' title="bbox 582 2653 741 2663; baseline 0 -3"><span class='ocrx_word' id='word_1_229' title='bbox 582 2653 741 2663; x_wconf 78' lang='lat'><strong>...—-—.-.</strong></span> 
     </span>
    </p>
   </div>
   <div class='ocr_carea' id='block_1_5' title="bbox 402 2721 911 2796">
    <p class='ocr_par' dir='ltr' id='par_1_5' title="bbox 402 2721 911 2796">
     <span class='ocr_line' id='line_1_30' title="bbox 402 2721 911 2796; baseline 0.006 -18"><span class='ocrx_word' id='word_1_230' title='bbox 402 2721 426 2778; x_wconf 86' lang='grc' dir='ltr'>Ε</span> <span class='ocrx_word' id='word_1_231' title='bbox 437 2739 454 2776; x_wconf 86' lang='grc' dir='ltr'><strong>Ρ</strong></span> <span class='ocrx_word' id='word_1_232' title='bbox 465 2741 476 2777; x_wconf 90' lang='lat'>1</span> <span class='ocrx_word' id='word_1_233' title='bbox 488 2740 502 2778; x_wconf 83' lang='lat' dir='ltr'><strong>s</strong></span> <span class='ocrx_word' id='word_1_234' title='bbox 514 2741 530 2778; x_wconf 78' lang='lat' dir='ltr'><strong>l·</strong></span> <span class='ocrx_word' id='word_1_235' title='bbox 541 2741 557 2779; x_wconf 89' lang='lat'>0</span> <span class='ocrx_word' id='word_1_236' title='bbox 569 2742 585 2778; x_wconf 88' lang='lat' dir='ltr'>L</span> <span class='ocrx_word' id='word_1_237' title='bbox 596 2743 615 2780; x_wconf 80' lang='lat' dir='ltr'>A</span> <span class='ocrx_word' id='word_1_238' title='bbox 637 2723 705 2780; x_wconf 82' lang='lat' dir='ltr'><strong>LIV</strong></span> <span class='ocrx_word' id='word_1_239' title='bbox 727 2729 805 2791; x_wconf 79' lang='lat' dir='ltr'><strong>(omn</strong></span> <span class='ocrx_word' id='word_1_240' title='bbox 822 2724 911 2796; x_wconf 74' lang='lat' dir='ltr'><strong>LVIII).</strong></span> 
     </span>
    </p>
   </div>
   <div class='ocr_carea' id='block_1_6' title="bbox 366 2829 955 2904">
    <p class='ocr_par' dir='ltr' id='par_1_6' title="bbox 366 2829 955 2904">
     <span class='ocr_line' id='line_1_31' title="bbox 366 2829 955 2904; baseline 0.01 -21"><span class='ocrx_word' id='word_1_241' title='bbox 366 2829 552 2902; x_wconf 77' lang='lat' dir='ltr'><strong>Araplissinrc</strong></span> <span class='ocrx_word' id='word_1_242' title='bbox 573 2829 855 2904; x_wconf 78' lang='lat' dir='ltr'><strong>Prudentissinroqne</strong></span> <span class='ocrx_word' id='word_1_243' title='bbox 883 2830 955 2889; x_wconf 91' lang='lat' dir='ltr'><strong>Viro</strong></span> 
     </span>
    </p>
   </div>
   <div class='ocr_carea' id='block_1_7' title="bbox 460 2935 860 3093">
    <p class='ocr_par' dir='ltr' id='par_1_7' title="bbox 460 2935 860 3093">
     <span class='ocr_line' id='line_1_32' title="bbox 460 2935 860 2994; baseline 0 -2"><span class='ocrx_word' id='word_1_244' title='bbox 460 2935 661 2994; x_wconf 86' lang='lat' dir='ltr'>HUGONI</span> <span class='ocrx_word' id='word_1_245' title='bbox 692 2936 860 2993; x_wconf 83' lang='lat' dir='ltr'>BOXEL</span> 
     </span>
     <span class='ocr_line' id='line_1_33' title="bbox 591 3034 725 3093; baseline 0.007 -3"><span class='ocrx_word' id='word_1_246' title='bbox 591 3035 625 3090; x_wconf 92' lang='lat' dir='ltr'><strong>B.</strong></span> <span class='ocrx_word' id='word_1_247' title='bbox 648 3053 675 3093; x_wconf 83' lang='lat' dir='ltr'><strong>o.</strong></span> <span class='ocrx_word' id='word_1_248' title='bbox 698 3034 725 3091; x_wconf 82' lang='lat' dir='ltr'><strong>S.</strong></span> 
     </span>
    </p>
   </div>
   <div class='ocr_carea' id='block_1_8' title="bbox 245 3133 906 3412">
    <p class='ocr_par' dir='ltr' id='par_1_8' title="bbox 245 3133 906 3412">
     <span class='ocr_line' id='line_1_34' title="bbox 435 3133 878 3206; baseline -0.002 -17"><span class='ocrx_word' id='word_1_249' title='bbox 435 3133 589 3206; x_wconf 80' lang='lat' dir='ltr'><strong>Responsio</strong></span> <span class='ocrx_word' id='word_1_250' title='bbox 610 3134 649 3190; x_wconf 84' lang='lat' dir='ltr'><strong>nd</strong></span> <span class='ocrx_word' id='word_1_251' title='bbox 667 3134 878 3206; x_wconf 67' lang='lat' dir='ltr'><strong>precedentem.</strong></span> 
     </span>
     <span class='ocr_line' id='line_1_35' title="bbox 565 3229 906 3309; baseline 0.012 -14"><span class='ocrx_word' id='word_1_252' title='bbox 565 3238 666 3296; x_wconf 88' lang='lat' dir='ltr'><strong>Versio</strong></span> <span class='ocrx_word' id='word_1_253' title='bbox 689 3242 747 3309; x_wconf 66' lang='lat'><strong>***.</strong></span> <span class='ocrx_word' id='word_1_254' title='bbox 904 3229 906 3231; x_wconf 27' lang='lat'><strong><em>¹</em></strong></span> 
     </span>
     <span class='ocr_line' id='line_1_36' title="bbox 245 3337 517 3412; baseline 0.004 -18"><span class='ocrx_word' id='word_1_255' title='bbox 245 3337 430 3412; x_wconf 80' lang='lat' dir='ltr'><strong>Amplissirne</strong></span> <span class='ocrx_word' id='word_1_256' title='bbox 457 3339 517 3408; x_wconf 88' lang='lat' dir='ltr'><strong>Vir,</strong></span> 
     </span>
    </p>
   </div>
   <div class='ocr_carea' id='block_1_9' title="bbox 125 3443 1209 3599">
    <p class='ocr_par' dir='ltr' id='par_1_9' title="bbox 125 3443 1209 3599">
     <span class='ocr_line' id='line_1_37' title="bbox 164 3443 1209 3531; baseline 0.018 -31"><span class='ocrx_word' id='word_1_257' title='bbox 164 3444 226 3518; x_wconf 81' lang='lat' dir='ltr'><strong>Ego</strong></span> <span class='ocrx_word' id='word_1_258' title='bbox 257 3464 299 3514; x_wconf 88' lang='lat' dir='ltr'><strong>eo,</strong></span> <span class='ocrx_word' id='word_1_259' title='bbox 332 3445 406 3520; x_wconf 92' lang='lat' dir='ltr'><strong>quod</strong></span> <span class='ocrx_word' id='word_1_260' title='bbox 438 3444 468 3501; x_wconf 92' lang='lat' dir='ltr'><strong>in</strong></span> <span class='ocrx_word' id='word_1_261' title='bbox 500 3444 621 3519; x_wconf 87' lang='lat' dir='ltr'><strong>epistola</strong></span> <span class='ocrx_word' id='word_1_262' title='bbox 651 3449 702 3501; x_wconf 86' lang='lat' dir='ltr'><strong>tua</strong></span> <span class='ocrx_word' id='word_1_263' title='bbox 735 3444 781 3502; x_wconf 80' lang='lat'><strong>21.</strong></span> <span class='ocrx_word' id='word_1_264' title='bbox 814 3443 955 3519; x_wconf 77' lang='lat' dir='ltr'><strong>praeteuu</strong></span> <span class='ocrx_word' id='word_1_265' title='bbox 984 3453 1102 3512; x_wconf 87' lang='lat' dir='ltr'><strong>mensis</strong></span> <span class='ocrx_word' id='word_1_266' title='bbox 1126 3458 1209 3531; x_wconf 83' lang='lat' dir='ltr'><strong>dicis,</strong></span> 
     </span>
     <span class='ocr_line' id='line_1_38' title="bbox 125 3523 1209 3599; baseline 0.008 -20"><span class='ocrx_word' id='word_1_267' title='bbox 125 3523 219 3594; x_wconf 77' lang='lat' dir='ltr'><strong>nixuS,</strong></span> <span class='ocrx_word' id='word_1_268' title='bbox 241 3525 349 3583; x_wconf 91' lang='lat' dir='ltr'><strong>scilicet</strong></span> <span class='ocrx_word' id='word_1_269' title='bbox 370 3525 475 3582; x_wconf 84' lang='lat' dir='ltr'><strong>amicos</strong></span> <span class='ocrx_word' id='word_1_270' title='bbox 496 3524 524 3582; x_wconf 90' lang='lat' dir='ltr'><strong>in</strong></span> <span class='ocrx_word' id='word_1_271' title='bbox 546 3545 578 3583; x_wconf 88' lang='lat' dir='ltr'><strong>re</strong></span> <span class='ocrx_word' id='word_1_272' title='bbox 592 3523 776 3593; x_wconf 87' lang='lat' dir='ltr'><strong>indifferenti,</strong></span> <span class='ocrx_word' id='word_1_273' title='bbox 792 3525 873 3582; x_wconf 87' lang='lat' dir='ltr'><strong>salva</strong></span> <span class='ocrx_word' id='word_1_274' title='bbox 887 3524 1024 3599; x_wconf 78' lang='lat' dir='ltr'><strong>amicitia,</strong></span> <span class='ocrx_word' id='word_1_275' title='bbox 1040 3532 1209 3598; x_wconf 70' lang='lat' dir='ltr'><strong>dissentire</strong></span> 
     </span>
    </p>
   </div>
   <div class='ocr_carea' id='block_1_10' title="bbox 125 3632 338 3642">
    <p class='ocr_par' dir='ltr' id='par_1_10' title="bbox 125 3632 338 3642">
     <span class='ocr_line' id='line_1_39' title="bbox 125 3632 338 3642; baseline -0.005 1"><span class='ocrx_word' id='word_1_276' title='bbox 125 3632 338 3642; x_wconf 78' lang='lat'><strong>——-</strong></span> 
     </span>
    </p>
   </div>
   <div class='ocr_carea' id='block_1_11' title="bbox 156 3653 1204 3874">
    <p class='ocr_par' dir='ltr' id='par_1_11' title="bbox 156 3653 1204 3874">
     <span class='ocr_line' id='line_1_40' title="bbox 157 3653 930 3729; baseline -0.016 -8"><span class='ocrx_word' id='word_1_277' title='bbox 157 3675 168 3700; x_wconf 74' lang='lat'><strong>¹⁶</strong></span> <span class='ocrx_word' id='word_1_278' title='bbox 185 3676 325 3722; x_wconf 83' lang='lat' dir='ltr'><strong>videantur</strong></span> <span class='ocrx_word' id='word_1_279' title='bbox 341 3677 393 3722; x_wconf 73' lang='lat' dir='ltr'><strong>uuo</strong></span> <span class='ocrx_word' id='word_1_280' title='bbox 410 3676 426 3722; x_wconf 89' lang='lat'><strong>1.</strong></span> <span class='ocrx_word' id='word_1_281' title='bbox 443 3677 476 3722; x_wconf 83' lang='grc' dir='ltr'><strong>Π.</strong></span> <span class='ocrx_word' id='word_1_282' title='bbox 494 3690 514 3723; x_wconf 77' lang='lat'><strong>0.</strong></span> <span class='ocrx_word' id='word_1_283' title='bbox 532 3677 562 3729; x_wconf 80' lang='lat' dir='ltr'><strong>a,</strong></span> <span class='ocrx_word' id='word_1_284' title='bbox 579 3677 595 3721; x_wconf 89' lang='lat' dir='ltr'><strong>l.</strong></span> <span class='ocrx_word' id='word_1_285' title='bbox 612 3677 656 3722; x_wconf 82' lang='lat' dir='ltr'><strong>rv.</strong></span> <span class='ocrx_word' id='word_1_286' title='bbox 674 3690 694 3720; x_wconf 67' lang='grc' dir='ltr'><strong>ο.</strong></span> <span class='ocrx_word' id='word_1_287' title='bbox 713 3676 758 3729; x_wconf 79' lang='lat' dir='ltr'><strong>m,</strong></span> <span class='ocrx_word' id='word_1_288' title='bbox 774 3675 790 3720; x_wconf 87' lang='lat' dir='ltr'><strong>l,</strong></span> <span class='ocrx_word' id='word_1_289' title='bbox 808 3673 838 3719; x_wconf 78' lang='lat' dir='ltr'><strong>v.</strong></span> <span class='ocrx_word' id='word_1_290' title='bbox 856 3689 876 3720; x_wconf 76' lang='lat'><strong>0,</strong></span> <span class='ocrx_word' id='word_1_291' title='bbox 890 3653 930 3720; x_wconf 61' lang='lat'><strong>123,</strong></span> 
     </span>
     <span class='ocr_line' id='line_1_41' title="bbox 156 3737 1204 3798; baseline 0.005 -13"><span class='ocrx_word' id='word_1_292' title='bbox 156 3737 181 3762; x_wconf 67' lang='lat'><strong>*¹²</strong></span> <span class='ocrx_word' id='word_1_293' title='bbox 197 3738 266 3784; x_wconf 90' lang='lat' dir='ltr'><strong>Petri</strong></span> <span class='ocrx_word' id='word_1_294' title='bbox 284 3740 382 3797; x_wconf 79' lang='lat' dir='ltr'><strong>Thyrrei</strong></span> <span class='ocrx_word' id='word_1_295' title='bbox 400 3740 431 3784; x_wconf 91' lang='lat' dir='ltr'><strong>de</strong></span> <span class='ocrx_word' id='word_1_296' title='bbox 449 3739 658 3797; x_wconf 84' lang='lat' dir='ltr'><strong>Apparitionibus</strong></span> <span class='ocrx_word' id='word_1_297' title='bbox 670 3739 810 3796; x_wconf 82' lang='lat' dir='ltr'><strong>Spirituum</strong></span> <span class='ocrx_word' id='word_1_298' title='bbox 823 3741 946 3783; x_wconf 86' lang='lat' dir='ltr'><strong>tractatus</strong></span> <span class='ocrx_word' id='word_1_299' title='bbox 956 3739 990 3783; x_wconf 90' lang='grc' dir='ltr'><strong>ΙΙ.</strong></span> <span class='ocrx_word' id='word_1_300' title='bbox 1001 3740 1120 3791; x_wconf 72' lang='lat' dir='ltr'><strong>Coloniae</strong></span> <span class='ocrx_word' id='word_1_301' title='bbox 1132 3749 1204 3798; x_wconf 77' lang='grc'><strong>1600,</strong></span> 
     </span>
     <span class='ocr_line' id='line_1_42' title="bbox 157 3801 540 3874; baseline -0.01 -26"><span class='ocrx_word' id='word_1_302' title='bbox 157 3801 195 3859; x_wconf 52' lang='grc' dir='ltr'><strong>ζ*</strong></span> <span class='ocrx_word' id='word_1_303' title='bbox 211 3802 249 3846; x_wconf 80' lang='lat' dir='ltr'><strong>Ab</strong></span> <span class='ocrx_word' id='word_1_304' title='bbox 266 3802 321 3859; x_wconf 89' lang='lat' dir='ltr'><strong>ipso</strong></span> <span class='ocrx_word' id='word_1_305' title='bbox 339 3803 448 3860; x_wconf 83' lang='lat' dir='ltr'><strong>Spinoza</strong></span> <span class='ocrx_word' id='word_1_306' title='bbox 465 3803 540 3874; x_wconf 83' lang='lat' dir='ltr'><strong>sacta.</strong></span> 
     </span>
    </p>
   </div>
   <div class='ocr_carea' id='block_1_12' title="bbox 0 0 1336 4298">
    <p class='ocr_par' dir='ltr' id='par_1_12' title="bbox 0 0 1336 4298">
     <span class='ocr_line' id='line_1_43' title="bbox 0 0 1336 4298; baseline 0 0"><span class='ocrx_word' id='word_1_307' title='bbox 0 0 1336 4298; x_wconf 95' lang='lat' dir='ltr'><strong> </strong></span> 
     </span>
    </p>
   </div>
  </div>
 </body>
</html>
