2662 4298
126 284 184 339 2:38
548 301 686 340 sersroaa
706 300 778 341 1111.

124 476 253 527 mentum
274 488 338 525 esse
358 468 395 525 ad
416 468 508 543 ipsam
529 466 605 526 Nitri
626 472 764 525 naturam
777 467 1057 545 investigandam,
1067 468 1177 547 nemped'

125 549 205 625 prius
225 547 365 624 principia
388 547 583 623 l’hilosophiae
598 546 772 605 Malanios
783 548 989 623 noverimus,
1000 558 1034 611 et
1045 553 1115 629 quod
1122 570 1178 610 om

125 648 277 703 corporum
309 627 485 686 variationes
516 627 675 686 secundum
705 626 806 701 Leges
839 630 1048 691 Meohanicae
1067 630 1180 703 fiant&

126 728 210 783 nego.
232 709 295 765 haec
316 728 354 765 ex
375 708 459 766 medo
480 707 558 766 dieto
578 706 777 783 experimento
799 708 926 769 clarius
949 718 1048 789 atque
1067 711 1181 772 avidam

126 788 215 862 aequi,
237 808 322 862 quam
344 808 381 845 ex
402 787 466 845 aliis
486 787 585 846 multis
605 786 700 846 obviis
709 787 952 863 experimentis,
964 812 1007 851 ex
1018 792 1183 869 quinae-

126 868 179 925 lmc
200 886 259 925 non
279 867 432 926 evincitur.
454 868 537 938 Quod
558 887 628 926 vero
649 866 704 925 l'ir
723 866 767 926 cl.
788 867 846 937 ait,
858 888 897 928 se
909 871 987 932 haea
998 893 1057 933 sua
1067 870 1184 951 apudib

126 954 185 1005 tam
216 947 294 1005 clare
325 948 433 1005 tradita
464 954 493 1005 et
525 952 653 1006 tractata
683 966 741 1006 noa
761 946 938 1021 invenisse,
962 954 1048 1013 forte
1066 950 1185 1031 aliquid'a

127 1027 254 1085 rationes
286 1028 443 1085 l'erulamii
474 1034 505 1085 et
536 1027 667 1099 Carteeii,
692 1026 769 1103 quod
790 1046 852 1102 ego
875 1030 994 1092 videre
1016 1054 1077 1093 non
1096 1052 1185 1111 pom,

126 1108 221 1177 hatrat,
244 1128 300 1183 quo
321 1107 399 1182 ipsas
420 1127 451 1165 se
472 1108 600 1166 refutare
613 1127 698 1184 posse
708 1106 884 1169 arbitratur.
896 1110 1035 1173 Eashic
1045 1114 1186 1181 monadia·¹

126 1187 193 1263 quia
213 1208 272 1245 non
292 1194 363 1263 puto
385 1188 425 1247 Cl.
449 1187 554 1247 Virum
575 1188 654 1264 ipsas
674 1187 829 1263 ignorare3
855 1189 918 1249 hoe
943 1198 1054 1254 tamen
1068 1192 1188 1269 diremit

125 1288 173 1326 sea
192 1268 279 1325 etiam
301 1267 434 1337 voluisse,
458 1274 489 1325 ut
510 1288 574 1326 cum
597 1288 696 1326 eorum
717 1266 844 1325 Ratione
866 1274 1082 1334 convenirent
1100 1275 1188 1333 Pham

125 1368 224 1419 mena,
246 1348 271 1405 si
292 1347 477 1406 nihilominus
498 1348 527 1406 in
539 1348 711 1423 quibusdam
721 1355 913 1421 erraverunt,
925 1352 1076 1414 homines
1085 1356 1188 1421 fuerunt

126 1428 244 1487 liuniani
266 1428 336 1486 nihil
358 1431 394 1485 ab
415 1428 485 1503 ipsis
506 1429 630 1486 alienum
651 1434 731 1503 puto.
753 1427 806 1485 Ait
825 1447 932 1503 porro,
958 1432 1189 1511 magnumdisui

125 1528 189 1565 men
221 1508 399 1566 intercedere
431 1509 507 1566 inter
537 1528 571 1566 ea
593 1509 692 1581 (obvia
711 1506 821 1566 seilicet
840 1514 875 1567 et
897 1510 1009 1585 dubia,
1034 1536 1103 1592 quae
1122 1512 1189 1573 aaut

125 1588 335 1663 ‹experimental
357 1588 434 1646 circa
455 1608 529 1663 quae,
552 1588 620 1664 quid
642 1589 755 1646 adferat
774 1586 903 1659 Natura,
925 1611 1068 1671 quaeque
1088 1596 1189 1654 interve

127 1667 216 1733 nient,
239 1667 414 1741 ignoramus,
436 1674 466 1726 et
487 1668 563 1726 inter
584 1689 627 1737 ea,
650 1668 685 1726 de
706 1667 811 1744 quibus
831 1676 918 1728 certo
929 1680 1073 1745 constat,
1084 1692 1191 1752 quaenam

126 1746 161 1803 acl
191 1768 225 1803 ea
247 1747 424 1806 adferantur.
446 1749 555 1806 Verum
577 1749 704 1807 nondum
725 1748 818 1817 video,
840 1750 923 1824 quod
945 1752 1142 1815 Clarissimus
1156 1753 1192 1811 Vr

127 1826 208 1885 nelis
239 1828 408 1902 explicuerit
440 1833 576 1886 naturam
607 1848 716 1898 eorum,
748 1847 813 1903 quae
834 1828 866 1886 in
887 1829 949 1890 hoc
970 1837 1116 1912 subjecto
1134 1833 1192 1895 adhi-

126 1908 238 1973 bantur,
261 1927 363 1983 nempe
384 1908 471 1966 calcis
492 1908 577 1978 Nini,
600 1909 742 1984 hujusque
764 1907 907 1983 Spiritds3
931 1912 1015 1973 adeo
1030 1922 1069 1974 ut
1082 1914 1193 1976 haeodno

126 2006 183 2045 nen
204 1988 299 2045 minus
320 1990 442 2046 obscura
463 1988 626 2053 videantur.
648 2008 735 2064 quam
756 2008 821 2063 quae
842 1990 944 2056 attuli,
968 1995 1090 2055 calcem
1111 2013 1194 2071 nempe

125 2088 302 2127 communem
334 2073 364 2127 et
396 2088 510 2144 aquam.
544 2069 589 2126 Ad
619 2069 731 2144 lignum
762 2068 838 2143 quod
870 2069 994 2144 attinet,
1033 2073 1194 2136 eonoedoid

125 2169 229 2225 corpus
260 2168 322 2207 esse
354 2149 447 2223 magis
477 2149 667 2225 compositum
698 2169 784 2224 quam
813 2148 946 2222 Nitrum3
981 2155 1039 2212 sed
1075 2154 1195 2234 quamdiu

127 2230 274 2305 utriusque
307 2236 449 2297 naturam,
482 2236 511 2288 et
543 2231 666 2302 modum,
700 2249 756 2304 quo
788 2228 817 2285 in
848 2233 977 2304 utroque
1000 2236 1090 2295 calor
1110 2237 1195 2299 oritur,

126 2309 236 2383 ignore,
259 2309 326 2385 quid
349 2309 376 2367 id
398 2329 496 2384 quaeso
518 2310 554 2367 ad
576 2330 637 2367 rem
657 2310 748 2368 facit?
769 2308 880 2366 Deinde
894 2311 1008 2383 nescio,
1021 2316 1196 2390 quaeratione

126 2390 200 2449 Clar.
235 2390 285 2447 l'ir
315 2392 459 2447 affirmare
491 2390 586 2462 audet,
619 2410 650 2448 se
680 2389 762 2459 scire,
785 2409 849 2464 quae
870 2388 902 2446 in
922 2390 982 2449 hoc
1004 2397 1152 2472 subjecto,
1170 2395 1197 2453 de

126 2489 181 2543 quo
202 2470 353 2545 loquimur,
375 2469 487 2527 Natura
508 2470 629 2528 adferat.
653 2470 716 2539 Qua
736 2489 836 2545 quaeso
857 2469 972 2528 ratione
995 2475 1090 2534 nobis
1111 2482 1197 2536 osten·

126 2549 193 2605 clere
225 2549 340 2623 peterit,
363 2548 441 2605 illum
463 2551 589 2608 calorum
610 2570 668 2608 non
690 2554 784 2608 ortum
806 2548 894 2607 fuisse
915 2569 934 2606 a
954 2555 1090 2614 materia
1112 2557 1198 2631 aliqua

126 2628 342 2686 subtillissima?
364 2629 411 2685 An
433 2629 508 2687 forte
529 2636 692 2706 propterea,
715 2630 790 2705 quod
811 2648 913 2705 parum
924 2630 1198 2712 fueritdepristim

126 2709 252 2783 prendere
284 2708 498 2768 desideratum?
521 2710 659 2780 Quamvis
681 2709 754 2768 nihil
774 2709 969 2768 desideratum
990 2713 1114 2789 fuisset,
1135 2714 1199 2774 nihil

126 2808 188 2846 meo
220 2788 332 2864 quidem
362 2788 469 2864 judicio
500 2792 671 2849 concludere
702 2795 815 2866 posset:
847 2788 979 2848 videmus
1001 2794 1094 2866 enim,
1118 2815 1198 2872 quam

126 2869 209 2927 facile
231 2890 277 2927 rea
298 2889 335 2927 ex
356 2890 448 2945 parva
469 2871 621 2929 admodum
644 2870 808 2946 quantitate
829 2869 960 2928 materiae
982 2873 1085 2933 colore
1108 2876 1199 2952 aliquo

125 2949 212 3008 imbui
244 2956 374 3027 possunt,
404 2970 497 3026 neque
517 2950 581 3009 ideo
602 2950 817 3027 ponderosiora,
839 2950 933 3025 quoad
954 2970 1085 3024 sensum,
1111 2975 1200 3032 neque

126 3030 234 3088 leviora
256 3030 326 3089 lieri.
350 3031 445 3102 Quare
466 3052 524 3089 non
546 3032 607 3089 sine
628 3031 741 3090 ratione
764 3030 896 3088 dubitare
916 3050 1045 3106 possum,
1069 3054 1112 3093 an
1128 3038 1200 3095 forte

126 3111 256 3186 quaedam
279 3131 337 3169 nen
357 3112 564 3181 concurrerint,
587 3132 650 3188 quac
665 3112 743 3169 nullo
758 3131 844 3169 sensu
856 3110 1003 3169 observari
1014 3114 1200 3186 potuissent;

126 3190 285 3265 praesertim
307 3192 444 3268 quamdiu
464 3192 626 3268 ignoratur,
648 3192 789 3266 quomodo
810 3211 911 3249 omnes
931 3191 988 3248 illae
1000 3191 1199 3260 Variationes.

127 3291 199 3346 quas
219 3271 272 3329 Vir
293 3272 368 3331 clar.
383 3273 461 3332 inter
474 3272 681 3349 experiundum
693 3271 868 3341 observavit,
882 3292 920 3329 ex
931 3270 1017 3329 dietis
1027 3276 1201 3350 corporibus

126 3350 186 3407 lieri
218 3357 390 3427 potuerunt3
422 3353 479 3412 imo
507 3357 659 3430 procerte
681 3354 783 3422 habeo,
806 3352 939 3424 calorem,
962 3351 1094 3412 atillam
1116 3357 1199 3415 effer·

128 3431 310 3503 vescentiam,
337 3454 422 3510 quam
444 3434 519 3494 Olar.
542 3433 595 3491 Vir
616 3432 727 3504 recitat,
750 3452 768 3490 a
788 3432 911 3490 materia
931 3431 1095 3492 adventitia
1118 3442 1201 3495 ortas

126 3508 222 3570 fiiiaaa.
245 3511 355 3571 Deinde
376 3520 455 3590 puto,
477 3534 522 3572 me
542 3513 655 3572 facilius
676 3533 713 3571 ex
733 3532 816 3587 aquae
837 3512 1003 3571 ebullitione
1025 3514 1123 3586 (taceo
1138 3517 1201 3590 jam

126 3588 328 3666 agitationem)
349 3614 434 3669 posse
455 3595 634 3664 concludere,
657 3593 732 3652 aeris
753 3592 976 3652 concitationem
990 3612 1110 3652 causam
1126 3615 1199 3665 esse,

127 3690 144 3727 a
176 3690 234 3745 qua
265 3690 353 3731 sonus
383 3674 484 3747 oritur,
516 3695 601 3750 quam
633 3695 670 3732 ex
701 3675 756 3731 hoc
786 3673 993 3749 experimento,
1015 3674 1065 3731 ubi
1086 3694 1201 3746 eorum,
1225 3707 1227 3710 ·

127 3770 191 3826 quae
214 3757 398 3826 concurrunt,
420 3759 525 3813 natura
546 3756 631 3831 plane
652 3754 813 3830 ignoratur,
835 3759 865 3811 et
885 3754 916 3812 in
937 3774 994 3830 quo
1015 3753 1095 3812 calor
1109 3755 1200 3815 etiam
