2662 4298
124 124 184 181 236
547 141 685 180 srrsroua
706 140 775 179 xur.

127 309 221 367 dendo
241 315 365 384 tempus.
386 309 462 384 quod
485 308 636 367 altioribus
655 307 899 383 cogitationibus
921 311 1104 389 impendere
1120 320 1192 391 pota

127 400 288 448 consumat.
310 389 372 463 Ego
392 389 507 465 quidem
529 408 587 447 non
607 388 718 463 putari,
738 387 831 447 immo
852 390 941 450 mibi
963 396 1142 469 persuadere
1155 415 1193 453 uu

128 470 294 545 potuissem.
326 469 402 545 quod
430 469 484 527 l'ir
504 468 723 527 Eruditissimus
742 468 819 527 nihil
839 470 933 531 aliud
958 474 1021 533 sibi
1042 474 1195 553 propom

128 550 157 607 in
188 570 240 607 suo
271 550 411 608 'tractatu
442 550 478 606 de
499 549 592 618 b'itro,
614 569 701 625 quam
720 553 839 607 tantum
861 555 1042 614 ostendere
1064 556 1196 615 doctrinan

128 629 205 687 illam
227 629 366 704 puerilem
387 635 416 687 et
439 629 630 703 nugatoriam.
652 630 689 687 de
699 628 814 687 Formis
826 629 1114 709 Substantiulibus,
1124 636 1196 707 Qut·

128 709 247 775 tatibus
279 715 334 767 etc.
366 709 479 767 intirmc
511 710 570 767 talo
603 709 673 780 niti;
704 708 764 777 sed,
795 728 867 768 cnm
888 713 976 772 milri
997 716 1196 791 persuadeam.

128 788 323 847 Clarissimum
345 790 447 848 l'irum
468 795 601 848 naturam
624 789 699 847 Nitri
713 787 797 847 nobis
806 790 974 867 explicare
984 796 1198 874 voluissezquct

129 888 231 943 nempe
262 874 339 927 esset
371 889 476 945 eorpus
507 871 741 944 heterogeueum,
763 876 910 929 constans
933 876 1086 949 partibus
1105 877 1199 936 tixisct

127 948 301 1017 volatilibus,
334 950 411 1008 volui
445 969 508 1008 mea
540 950 732 1025 explicatione
763 951 926 1011 ostendere
962 958 1064 1031 (quod
1085 964 1153 1033 puto
1167 976 1199 1015 uc

127 1029 199 1087 satis
229 1049 372 1105 superque
403 1030 587 1103 ostendisse),
620 1050 674 1088 nos
693 1049 779 1105 posse
798 1030 910 1101 omnia,
936 1053 1015 1109 quae
1038 1057 1099 1113 ego
1118 1038 1199 1096 saltm

127 1110 204 1180 novi,
226 1109 302 1167 Nitri
325 1110 516 1168 Phaenomena
536 1110 669 1168 facillime
689 1109 844 1186 explicare,
868 1116 1022 1186 quamvis
1043 1137 1106 1176 non
1121 1136 1199 1177 cona

128 1190 229 1248 damus
260 1189 373 1248 Nitrum
404 1210 466 1248 esse
497 1210 601 1266 corpus
630 1190 866 1265 heterogeueum,
901 1194 959 1251 sed
985 1196 1198 1274 homogcneun

128 1270 268 1339 Quocirca
288 1289 383 1328 meum
404 1290 462 1328 non
483 1276 546 1328 erat
567 1271 727 1340 ostendere,
749 1271 793 1328 sal
812 1269 906 1329 fixum
926 1273 1032 1335 faeces
1053 1277 1198 1349 eoeeNibi,

128 1351 178 1407 sed
210 1355 323 1408 tantum
347 1369 525 1426 supponere3
548 1355 580 1408 ut
601 1350 737 1419 viderem,
760 1350 905 1425 quomodo
926 1354 1010 1414 mihi
1033 1358 1093 1417 Vir
1112 1358 1199 1418 Clam·

128 1429 217 1488 simus
247 1431 398 1489 ostendere
429 1437 536 1505 posset,
568 1431 637 1489 illud
658 1432 702 1488 sat
722 1451 781 1488 uon
801 1449 865 1488 esse
885 1431 992 1504 faeces,
1017 1439 1075 1496 sed
1095 1457 1199 1515 prorsas

129 1510 322 1568 necessarium
354 1511 390 1568 ad
421 1511 574 1569 essentiam
607 1510 682 1569 Nitri
710 1509 956 1582 constituendam,
980 1514 1055 1576 sine
1077 1539 1136 1595 quo
1153 1538 1200 1577 nor

128 1598 226 1666 posset
256 1590 384 1666 concipi;
406 1591 482 1666 quia,
505 1596 536 1649 ut
558 1591 631 1661 dico,
652 1592 799 1666 putabam,
821 1590 927 1649 Virum
949 1593 1199 1659 Clarissimumid

128 1671 280 1729 ostendere
312 1671 445 1730 voluisse.
479 1671 561 1740 Quod
594 1691 663 1729 vero
685 1671 754 1742 dixi,
776 1671 819 1728 sal
839 1670 934 1730 fixum
956 1682 1084 1737 meatus
1105 1680 1199 1738 babere

128 1752 165 1809 ad
186 1770 348 1809 mensuram
371 1751 577 1827 particularum
599 1751 674 1810 Nitri
696 1756 863 1820 excavatus,
885 1770 921 1809 ec
942 1773 1008 1813 nen
1033 1758 1199 1833 egebamol

127 1830 402 1906 redintegrationem
423 1832 499 1890 Nitri
521 1832 736 1907 explicandam:
758 1851 824 1890 nam
845 1835 879 1888 ut
900 1850 940 1889 ex
962 1853 1010 1904 eo,
1035 1840 1119 1913 quod
1138 1838 1198 1909 dixi,

127 1931 230 1987 nempe
250 1913 325 1987 qued
346 1913 377 1970 iu
398 1912 459 1970 sola
479 1912 667 1970 consistent-ia
687 1911 811 1988 Spiritus
821 1910 897 1969 Nitri
908 1912 975 1985 ejus
987 1917 1199 1995 redintegratio

127 1992 268 2059 consistit,
290 1994 366 2051 clarc
387 1998 517 2068 apparet,
540 2013 651 2051 omnem
673 1993 789 2060 calcem,
811 1992 895 2067 cujus
913 1998 1037 2054 meatus
1057 1998 1199 2074 augustie

127 2094 174 2132 res
194 2079 271 2144 sunt,
293 2093 378 2148 quam
400 2079 433 2131 ut
453 2073 611 2148 particulas
632 2073 708 2130 Nitri
728 2071 1004 2146 continerequeant,
1018 2096 1199 2154 quorumque

127 2155 253 2229 parietes
273 2153 403 2228 languidi
424 2158 500 2225 sunt,
523 2159 621 2228 aptam
642 2173 705 2211 esse
726 2153 762 2210 ad
776 2157 884 2209 motum
896 2153 1119 2227 particularum
1130 2158 1199 2218 Nitri

128 2235 296 2303 sistendum,
328 2253 363 2291 ac
393 2234 513 2309 proinde
545 2254 581 2292 ex
614 2254 677 2291 mea
709 2231 871 2308 Hypothesi
902 2233 939 2289 ad
959 2232 1063 2309 ipsum
1087 2239 1198 2298 Nitrum

127 2314 399 2389 redintegrandum
431 2314 560 2389 adeoque
592 2334 649 2372 non
680 2313 783 2371 mirum
811 2331 883 2381 esse,
904 2311 962 2370 alia
983 2316 1073 2387 salia,
1098 2318 1199 2378 tartari

126 2394 243 2463 scilicet,
266 2405 295 2452 et
317 2392 443 2451 cinerum
466 2395 691 2463 clavellatorum,
713 2393 842 2469 reperiri,
865 2411 987 2466 quorum
1010 2415 1069 2471 ope
1086 2399 1198 2458 Nitrum

127 2472 318 2548 redintegrari
357 2478 462 2548 petest.
494 2474 549 2532 Sed
580 2474 644 2533 ideo
676 2478 790 2532 tantum
822 2472 890 2541 dixi,
922 2474 964 2530 sal
997 2474 1080 2537 Nitri
1114 2481 1199 2538 fixum

126 2560 239 2613 meatus
270 2554 376 2611 habere
403 2554 439 2611 ad
460 2574 624 2612 mensuram
645 2554 852 2630 particularum
872 2552 949 2610 Nitri
970 2563 1148 2631 excavatus,
1169 2564 1199 2618 ut

125 2655 240 2695 causam
262 2635 419 2704 redderem,
442 2654 494 2692 cur
514 2635 557 2693 sal
577 2636 667 2692 fixum
678 2635 754 2692 Nitri
765 2634 858 2708 magis
869 2638 968 2709 aptum
979 2633 1019 2691 sit
1030 2637 1069 2704 ad
1082 2638 1199 2698 Nitruru

124 2716 165 2775 ita
196 2715 460 2790 redintegrandum,
493 2721 526 2773 ut
553 2735 655 2791 parum
676 2714 753 2774 absit
774 2715 809 2772 de
829 2713 952 2789 pristine
974 2734 1027 2772 suo
1049 2720 1198 2791 pondere;

126 2796 212 2855 immo
233 2816 270 2855 ex
291 2816 334 2865 co,
357 2797 433 2873 quod
454 2795 511 2854 alia
532 2796 604 2854 salia
625 2795 815 2870 reperiantur,
827 2795 930 2869 quibus
942 2792 1059 2853 Nitrum
1072 2800 1200 2858 radiate

127 2877 205 2952 grari
236 2882 340 2953 potest,
373 2880 511 2952 putabam
542 2876 703 2946 ostendere,
734 2875 839 2933 calcem
875 2873 951 2932 Nitri
977 2875 1015 2931 ad
1037 2881 1200 2939 essentiam
1246 2936 1250 2945 ,

126 2958 202 3016 n'itri
233 2957 462 3016 constituendam
484 2977 543 3015 non
564 2955 680 3032 requiri,
707 2955 763 3013 nisi
783 2955 837 3012 Vir
858 2953 1040 3014 Clarissimus
1063 2957 1199 3028 dixisset,

126 3039 235 3097 nullum
267 3039 309 3096 sal
343 3059 414 3108 csse,
448 3039 523 3114 quod
555 3037 593 3095 sit
626 3036 721 3109 (Nitro
746 3035 865 3107 scilicet)
886 3034 981 3109 magis
1001 3036 1200 3099 catholicum:

126 3118 254 3193 aciesque
276 3118 302 3176 id
323 3119 354 3176 in
375 3124 487 3177 tartaro
508 3122 538 3176 et
558 3117 703 3176 cineribus
720 3116 937 3174 clavellatorum
949 3116 1198 3190 laterepotnisse.

127 3198 207 3266 (tried
230 3218 316 3273 porro
338 3199 407 3269 dixi,
422 3198 580 3275 particulas
592 3197 667 3256 Nitri
677 3196 707 3254 in
719 3196 876 3272 majoribus
886 3195 1029 3254 meatibus
1040 3215 1058 3252 a
1069 3201 1201 3259 materia

126 3277 267 3337 subtiliori
297 3279 383 3353 cingi,
405 3280 434 3338 id
456 3300 493 3338 ex
513 3278 597 3338 vacui
618 3275 858 3353 impossibilitate,
881 3281 914 3334 ut
935 3275 1122 3336 Clarissimus
1143 3280 1200 3340 Vir

124 3363 217 3427 notat,
249 3360 389 3429 conclusi;
423 3361 472 3418 scd
504 3359 610 3427 nescio,
632 3378 684 3417 cur
704 3356 789 3415 vacui
808 3355 1068 3432 impossibilitatem
1091 3357 1200 3435 Hypo·

124 3437 220 3496 thesin
242 3444 336 3508 vocat,
359 3459 423 3497 cum
444 3441 521 3499 clare
541 3446 680 3514 sequatur
700 3457 738 3496 ex
759 3457 801 3509 ec,
824 3437 899 3511 quod
921 3435 1004 3494 nihili
1024 3436 1114 3494 nullae
1136 3439 1199 3498 sint

125 3517 326 3594 proprietates.
358 3519 395 3577 Et
426 3519 523 3590 miror,
556 3521 656 3578 Virum
689 3517 884 3577 Clarissimum
916 3518 951 3574 de
972 3518 1027 3574 hoc
1047 3515 1197 3590 dubitare,

126 3618 189 3657 cum
222 3598 355 3656 videatur
382 3603 520 3664 statuere,
542 3601 621 3658 nulla
642 3599 705 3657 dari
726 3597 886 3656 accidentia
907 3597 1010 3656 realia:
1033 3616 1071 3654 au
1092 3615 1197 3671 quaeso
