2662 4298
469 367 608 406 nersrona
629 368 710 407 nuru.
1069 348 1127 404 383

58 554 160 612 agere,
182 556 240 593 non
261 540 357 593 autem
379 535 487 610 impetu
507 534 578 592 ferri
592 534 721 592 credunt.
733 535 773 591 Et
784 533 852 610 quia
863 535 918 591 hoc
928 533 1127 608 praejudicium

59 617 196 676 omnibus
216 615 380 674 hominibus
399 615 530 673 innatum
552 619 605 685 est,
627 635 685 672 non
698 614 740 672 ita
753 613 837 672 facile
848 614 946 671 eodem
958 613 1127 671 liberantur.

61 697 146 767 Nam,
170 695 302 772 quamvis
323 695 503 770 experientia
524 695 594 752 satis
615 714 758 770 superque
780 695 890 764 doceat,
913 694 1042 751 homines
1057 693 1129 751 nihil

62 777 159 835 minus
180 795 273 850 posse,
296 796 379 850 quarn
401 775 547 851 appetitus
567 774 707 833 moderari
730 795 805 845 auce,
828 779 857 831 et
878 774 953 848 quod
964 794 1048 848 saepe,
1061 774 1128 831 dum

61 856 218 916 contrariis
248 856 398 914 affectibus
426 855 636 926 conflictantur,
658 854 776 913 meliora
797 854 915 912 videant
936 858 965 911 et
986 853 1130 912 deteriora

62 942 241 1012 sequantur3
264 956 294 994 se
315 941 412 994 tamen
433 936 539 994 liberos
560 955 622 993 esse
637 936 766 1008 credunt,
782 934 868 1010 idque
878 939 1040 1009 propterea,
1053 935 1129 1009 quod

62 1037 113 1076 res
134 1017 274 1092 quasdam
294 1016 399 1074 leviter
420 1021 569 1091 appetant,
591 1020 620 1073 et
642 1035 762 1091 quarum
784 1014 930 1090 appetitus
940 1014 1023 1072 facile
1034 1019 1130 1089 potest

61 1097 199 1156 contrahi
219 1097 357 1154 memorie
379 1097 498 1154 alterius
519 1096 569 1166 rei,
592 1096 674 1171 cujus
695 1097 862 1170 frequenter
882 1095 1075 1152 recordamur.

105 1177 168 1247 His,
191 1197 326 1252 quaenam
347 1197 412 1234 mea
433 1177 467 1234 de
489 1175 580 1235 libera
601 1181 630 1234 et
651 1180 751 1234 coacta
765 1174 945 1245 necessitate,
958 1175 1050 1249 deque
1061 1175 1129 1233 ficta

61 1259 193 1315 humana
213 1257 347 1315 libertate
368 1257 406 1314 sit
427 1257 581 1321 sententia.
603 1257 682 1327 satis,
704 1255 734 1313 ni
754 1256 846 1326 fallor,
869 1254 1009 1330 explicui;
1021 1254 1128 1330 exqui-

62 1340 119 1396 bus
140 1337 224 1395 facile
246 1338 282 1395 ad
304 1337 347 1394 tui
368 1336 452 1394 amici
473 1337 649 1411 objectiones
670 1337 868 1410 respondetur.
883 1335 966 1407 Nam,
979 1335 1128 1410 quodcum

60 1417 194 1476 Oartesio
226 1417 275 1488 ait,
309 1417 388 1475 illum
422 1417 542 1475 liberum
574 1437 646 1487 esse,
679 1417 728 1492 qui
758 1436 776 1473 a
800 1416 879 1474 nulla
900 1435 987 1473 causa
1008 1420 1129 1473 externa

59 1497 192 1572 cogitur:
225 1497 250 1556 si
280 1517 331 1572 per
361 1497 505 1555 hominem
537 1501 667 1555 coactum
699 1496 835 1571 intelligit
855 1516 929 1566 eum,
952 1495 1000 1570 qui
1020 1495 1130 1553 invitus

60 1577 134 1652 agit,
163 1579 287 1636 concedo
316 1597 368 1635 nos
389 1577 560 1652 quibusdam
581 1577 611 1634 in
632 1580 718 1636 rebus
737 1577 903 1634 nullatenus
924 1575 997 1650 cogi,
1019 1576 1129 1650 hocque

60 1663 197 1733 respectu
218 1659 324 1716 habere
344 1658 463 1715 liberum
487 1657 646 1715 arbitrium.
669 1657 724 1716 sed
745 1656 831 1732 siper
843 1654 1128 1730 coactumintelligit,

62 1737 122 1814 qui,
152 1737 283 1813 quamvis
304 1757 362 1796 non
382 1737 501 1808 invitus,
523 1737 684 1796 necessario
706 1743 802 1795 tamen
825 1737 886 1810 agit
908 1738 953 1810 (ut
974 1756 1061 1811 supra
1082 1756 1129 1793 ex·

61 1818 173 1895 plicui),
195 1838 270 1889 nego
292 1838 345 1876 nos
366 1819 462 1892 aliqua
482 1818 512 1875 in
533 1839 564 1876 re
584 1819 689 1876 liberos
711 1837 781 1875 esse.

102 1900 144 1956 At
167 1898 286 1956 Amicus
307 1903 374 1956 tuus
395 1903 497 1956 eontra
518 1899 652 1969 affirmat,
674 1917 725 1956 nos
746 1899 878 1955 Rationis
897 1899 1029 1954 exercitio
1050 1897 1130 1953 liber·

59 1981 144 2053 rime,
177 1980 227 2037 boc
258 1986 296 2036 est
329 1980 460 2049 obsolute,
489 1982 533 2036 nn
558 1997 659 2053 posse;
686 1997 743 2056 qua
770 1976 799 2034 in
825 1996 856 2034 re
877 1976 957 2046 satie,
980 1996 1016 2033 ne
1038 1975 1130 2033 dicam
1214 2041 1217 2047 Ι

59 2058 156 2130 nimie,
179 2058 356 2116 confidenter
377 2062 496 2133 perstat.
523 2060 593 2129 Quis
613 2061 696 2130 erum,
720 2057 769 2129 ait,
791 2060 848 2115 nisi
864 2059 998 2132 propriae
1019 2065 1129 2114 contra·

59 2141 181 2197 dicendo
216 2142 400 2211 conscientem,
431 2147 553 2211 creparet,
586 2159 629 2196 me
661 2139 877 2213 capitationibus
908 2139 976 2194 ineis
1009 2138 1131 2211 copitare

54 2238 150 2294 posse,
172 2219 249 2294 qudd
269 2221 373 2288 vellem,
396 2227 420 2277 et
441 2220 517 2294 qudd
537 2238 594 2276 non
617 2220 709 2276 vellem
731 2219 859 2276 scribere.
882 2216 1023 2275 Pervelim
1046 2215 1127 2285 scire,

62 2319 148 2373 quam
182 2299 230 2356 ille
261 2299 474 2370 conscientiam,
507 2304 613 2373 praeter
642 2297 728 2368 illam,
761 2317 847 2373 quam
879 2316 967 2371 supra
997 2297 1128 2370 exemplo

59 2379 166 2454 lapidis
198 2379 330 2454 explicui,
362 2384 472 2437 narrat.
503 2381 566 2454 Ego
598 2398 677 2448 sane,
706 2397 742 2436 ne
768 2398 839 2436 meae
860 2376 1053 2446 conscientie,
1075 2376 1130 2434 hoc

61 2465 117 2530 est,
151 2479 188 2516 ne
219 2459 337 2517 Rationi
366 2465 394 2517 et
423 2458 605 2534 experientiae
632 2457 835 2529 contradicam,
858 2460 887 2515 et
908 2477 944 2514 ne
966 2455 1131 2531 praejudicia

60 2544 93 2597 et
113 2539 309 2613 ignorantiam
324 2541 447 2607 foveam,
463 2559 547 2614 nego,
563 2559 609 2597 me
623 2540 682 2596 ulla
696 2539 826 2597 absolute
840 2537 986 2612 cogitandi
1000 2537 1131 2612 potentia

61 2620 192 2694 cogitare
204 2639 297 2695 posse,
311 2620 385 2694 qubd
398 2620 510 2690 vellem,
522 2625 551 2678 et
563 2620 637 2694 quod
646 2620 812 2678 nonvellem
821 2618 955 2676 seribere.
978 2617 1031 2675 Sed
1040 2617 1130 2693 ipsius

61 2700 269 2758 conscientiam
290 2702 412 2775 appello,
436 2700 484 2774 qui
505 2700 566 2758 sine
588 2699 673 2758 dubio
695 2708 832 2775 expertus
853 2703 905 2770 est,
928 2719 958 2756 se
978 2698 1009 2755 in
1023 2697 1130 2755 somnis

62 2799 122 2838 non
152 2781 259 2838 habere
290 2785 464 2855 potestatem
496 2779 650 2855 cogitandi,
683 2781 757 2855 quod
789 2780 885 2849 vellet,
914 2785 943 2836 et
969 2778 1045 2854 quod
1071 2798 1128 2836 non

62 2861 151 2918 vellet
175 2860 315 2930 scribere;
338 2881 400 2934 nee,
423 2881 487 2919 cum
508 2860 633 2918 somniat
653 2880 683 2918 se
705 2860 779 2918 velle
800 2859 933 2928 scribere,
956 2863 1128 2934 potestatem

62 2941 151 2998 habet
181 2961 240 2999 non
271 2941 434 2999 somniandi
464 2960 494 2998 se
526 2941 600 2998 velle
628 2940 769 3010 seribere3
791 2959 843 2997 nec
864 2939 958 2996 nriuus
979 2943 1128 3012 expertum

62 3019 141 3078 illum
174 3040 236 3079 esse
268 3022 362 3091 credo,
395 3021 470 3096 quod
501 3040 583 3078 mens
613 3040 671 3077 non
702 3039 814 3094 semper
842 3037 922 3092 aeque
944 3023 1013 3093 apta
1034 3017 1072 3074 eit
1092 3018 1128 3074 ad

61 3100 249 3174 cogitandum
278 3103 314 3159 de
339 3102 439 3159 eodem
461 3101 581 3176 objecto,
604 3101 653 3158 sed
674 3104 761 3175 prout
781 3119 885 3174 eorpus
906 3097 1001 3173 aptius
1022 3102 1075 3166 est,
1096 3101 1130 3154 ut

62 3181 93 3238 in
121 3200 155 3238 eo
184 3182 271 3256 hujus
292 3182 338 3239 vel
359 3181 437 3239 illius
458 3181 562 3255 objecti
582 3180 677 3255 imago
699 3180 850 3251 excitetur,
871 3178 914 3236 ita
934 3197 1015 3236 mens
1035 3176 1130 3252 aptior

62 3265 108 3319 est
128 3262 164 3319 ad
186 3263 241 3319 hoe
261 3262 308 3320 vel
328 3261 399 3320 illud
420 3263 562 3338 objectum
584 3260 844 3335 contemplandum.

103 3340 175 3399 Oum
196 3347 339 3417 praeterea
360 3341 448 3412 addit,
470 3342 545 3416 quod
566 3361 669 3411 causae,
691 3361 742 3399 cur
756 3340 882 3398 animum
897 3340 933 3397 ad
948 3337 1128 3396 scribendum

61 3422 241 3496 applicuerit,
272 3422 366 3497 ipsum
396 3422 510 3498 quidem
538 3423 574 3480 ad
603 3421 784 3480 scribendum
804 3419 978 3496 impulerint,
1000 3418 1050 3476 sed
1071 3437 1130 3476 non

61 3501 231 3576 coegerint3
261 3502 334 3560 nihil
361 3502 438 3561 aliud
464 3501 609 3576 significat
634 3501 671 3575 (si
691 3521 752 3559 rem
773 3520 857 3576 aequo
878 3500 1004 3575 pondere
1025 3497 1129 3556 exami-

63 3601 133 3639 nare
155 3581 250 3658 velis),
273 3602 359 3657 quam
381 3583 456 3659 quod
477 3582 568 3657 ipsius
588 3581 700 3640 animus
721 3581 762 3639 ita
782 3586 843 3638 tum
866 3585 929 3638 erat
944 3579 1128 3648 constitutus

63 3666 96 3719 ut
127 3683 229 3734 causae,
263 3683 327 3737 quae
348 3662 444 3738 ipsum
465 3663 544 3733 aliae,
567 3683 631 3721 cum
652 3662 761 3720 scilicet
781 3681 887 3736 magno
909 3660 1002 3735 aliquo
1025 3659 1129 3717 affectu

63 3743 256 3815 conflictatur,
298 3763 356 3802 non
387 3743 557 3819 potuissent,
590 3763 666 3801 nunc
696 3743 780 3800 facile
809 3746 967 3816 potuerunt
994 3741 1128 3809 flectere;

63 3823 118 3882 hoc
136 3828 189 3895 est,
203 3843 308 3895 causae,
323 3844 388 3899 quae
402 3824 496 3899 ipsum
511 3823 582 3882 alias
596 3843 654 3882 non
669 3822 830 3899 potuissent
844 3841 957 3897 cogere,
972 3823 1128 3894 coegerunt
