2662 4298
540 352 677 392 nrrsroun
698 353 805 393 xxxa..
1145 334 1203 393 313

131 519 228 577 simus
250 519 378 577 ordinem
410 525 440 577 et
461 519 657 595 symmetriam
678 540 696 577 a
716 519 836 591 Natura,
859 523 892 578 ut
912 524 944 577 tu
965 521 1060 577 facere
1081 519 1202 592 videris,

131 599 302 674 profligare;
323 599 462 674 imprimis
483 620 547 657 cum
568 600 629 674 ipse
650 619 801 675 agnoscas,
823 599 918 658 omnia
939 600 1001 675 ejus
1021 619 1143 674 corpora
1166 604 1203 660 ab

131 679 194 737 aliis
225 680 336 752 ambiri,
366 684 396 738 et
417 682 453 738 ab
474 679 598 738 invicem
619 685 699 738 certa
720 684 750 738 et
770 679 915 738 constanti
936 679 1057 750 ratione,
1080 685 1141 738 tum
1165 682 1202 740 ad

130 760 312 818 existendum
343 765 405 818 tum
432 762 467 818 ad
490 761 676 836 operandum,
698 759 893 831 determinari,
915 761 1015 818 eadem
1035 779 1148 834 semper
1168 760 1198 819 in

130 840 261 898 omnibus
281 840 366 898 simul
386 844 481 898 motus
501 841 537 898 ad
560 840 684 916 quietem
702 840 814 899 ratione
829 845 960 911 servata3
977 860 1041 915 quae
1057 840 1203 916 ipsissima

130 920 193 978 veri
224 920 332 978 ordinis
363 920 438 978 ratio
469 921 597 978 formalis
629 940 691 978 esse
722 920 846 980 videtur.
873 921 915 978 At
935 940 988 978 nec
1008 919 1056 978 hic
1075 921 1151 978 forte
1172 925 1201 979 te

130 1000 203 1058 satis
235 1000 333 1074 capio;
365 1021 423 1058 non
443 1000 536 1075 magis
557 1020 643 1076 quam
663 1001 694 1059 in
715 1020 758 1076 eo,
782 1001 857 1076 quod
879 1001 914 1059 de
935 1000 1054 1074 Regulis
1076 1000 1199 1059 Cartesii

131 1081 255 1138 antehac
281 1081 447 1156 scripseras.
470 1081 589 1139 Utinam
610 1081 706 1139 subire
727 1081 854 1139 laborem
876 1082 965 1139 velles
984 1101 1030 1138 me
1051 1081 1202 1152 edocendi,

132 1181 189 1236 qua
220 1160 250 1217 in
281 1180 313 1218 re
344 1166 404 1219 tam
436 1160 596 1220 Cartesium
627 1180 713 1236 quam
737 1161 904 1236 Hugenium
925 1161 955 1219 in
976 1161 1085 1235 regulis
1105 1166 1202 1220 motus

133 1260 245 1298 errasse
273 1241 394 1316 judices.
426 1242 599 1316 Pergratum
631 1241 701 1299 mihi
731 1261 801 1299 sane
826 1243 880 1300 hoc
901 1241 995 1299 officio
1017 1241 1201 1315 defungendo

130 1320 311 1396 praestiteris,
334 1322 408 1396 quod
430 1321 543 1396 quidem
564 1341 616 1397 pro
638 1321 748 1380 viribus
768 1321 908 1380 demereri
928 1323 1083 1380 studerem.

171 1402 303 1459 Praesens
334 1421 392 1459 non
424 1402 474 1472 fui,
497 1403 611 1477 quando
632 1403 667 1460 D.
690 1402 844 1476 Hugenius
864 1401 1079 1477 Experimenta
1102 1402 1201 1477 Hypo·

132 1481 228 1538 thesin
257 1501 338 1539 suam
360 1482 586 1556 comprobantia,
608 1482 655 1540 hic
676 1481 799 1540 Londini
818 1482 896 1540 fecit.
919 1482 1054 1556 intelligo
1074 1481 1200 1554 interim,

132 1563 274 1635 quendam
306 1562 384 1620 inter
411 1563 468 1620 alia
487 1563 575 1637 pilam
597 1563 682 1621 unius
702 1562 793 1631 librae,
815 1561 933 1638 penduli
952 1562 984 1620 in
1004 1563 1119 1619 modum
1141 1581 1201 1619 sus-

130 1642 273 1717 pendisse,
305 1661 371 1717 quae
401 1643 518 1718 delapsa
545 1643 722 1719 percusserit
742 1643 836 1715 aliam,
858 1643 958 1701 eodem
978 1642 1062 1700 modo
1083 1661 1201 1717 suspen·

131 1742 201 1789 sam,
234 1723 285 1780 sed
316 1723 398 1781 librae
431 1722 565 1794 dimidiae,
595 1743 632 1781 ex
655 1724 761 1798 angulo
783 1723 977 1798 quadraginta
999 1723 1149 1797 graduum,
1171 1727 1202 1780 et

132 1802 298 1876 Hugenium
330 1802 509 1878 praedixisse,
530 1804 654 1878 paucula
674 1804 753 1862 facta
774 1803 993 1879 computatione
1014 1801 1200 1877 Algebraica,

132 1881 196 1957 quis
227 1884 302 1940 foret
333 1884 461 1955 effectus,
493 1888 524 1941 et
554 1884 631 1941 hunc
660 1883 754 1958 ipsum
786 1883 967 1960 praedictioni
999 1883 1035 1940 ad
1066 1882 1202 1940 amussim

130 1962 320 2037 respondisse.
342 1964 435 2021 Abest
456 1963 509 2021 Vir
530 1963 645 2038 quidam
665 1963 798 2038 insignis.
820 1964 869 2040 qui
890 1964 981 2022 multa
999 1961 1069 2020 talia
1080 1962 1198 2037 Experi-

130 2047 228 2100 menta
249 2048 447 2118 proposuerat,
471 2063 536 2119 quae
558 2043 678 2102 solvisse
693 2043 797 2102 dicitur
808 2044 970 2118 Hugenius.
983 2042 1198 2117 Quamprimum

131 2122 245 2181 dabitur
275 2123 379 2198 ipsum,
414 2124 462 2198 qui
494 2126 585 2194 abest,
618 2123 783 2195 convenire,
814 2122 930 2182 uberius
961 2127 991 2180 et
1022 2122 1199 2181 enucleatius

131 2204 229 2261 forsan
260 2205 336 2261 hanc
366 2223 427 2262 rem
458 2204 512 2261 tibi
543 2223 711 2279 exposuero.
744 2205 788 2262 Tu
808 2202 924 2261 interim
945 2202 1085 2278 superiori
1106 2202 1197 2278 petito

131 2303 194 2340 meo
222 2303 259 2341 ne
280 2284 445 2359 refrageris,
466 2284 571 2342 iterum
592 2289 680 2360 atque
700 2284 805 2342 iterum
827 2303 913 2359 rogo;
935 2282 1011 2340 etsi
1032 2282 1100 2358 quid
1121 2302 1197 2357 prae·

130 2367 210 2421 terea
238 2364 273 2422 de
294 2365 422 2440 Hugenii
442 2384 577 2423 successu
596 2364 628 2422 in
648 2363 788 2440 poliendis
809 2363 901 2421 Vitris
922 2362 1113 2438 Telescopicis
1133 2382 1198 2437 cog·

130 2444 260 2514 noveris,
276 2443 418 2519 impertiri
439 2464 551 2519 quoque
573 2464 609 2502 ne
623 2444 761 2520 graveris.
774 2444 874 2520 Spero,
886 2442 1058 2502 Societatem
1069 2447 1198 2501 nostram
1286 2485 1290 2493 .

130 2523 258 2597 Regiam,
281 2529 363 2599 peste
381 2525 442 2600 jam
463 2524 617 2600 insigniter
637 2545 689 2600 per
710 2524 763 2583 Dei
778 2524 903 2599 gratiam
919 2523 1104 2595 desaeviente,
1115 2522 1198 2582 brevi

129 2603 291 2662 Londiuum
322 2625 513 2678 reversuram,
545 2610 695 2680 coetusque
726 2625 793 2663 suos
813 2604 1035 2664 hebdomadicos
1055 2603 1196 2662 instaura·

128 2687 242 2742 turam:
264 2704 328 2759 quae
350 2685 389 2743 ibi
410 2686 611 2761 transigentur
631 2686 706 2745 scitu
726 2685 824 2760 digna,
845 2705 944 2744 eorum
965 2684 1195 2743 communicatio-

131 2783 196 2822 nem
217 2769 295 2823 certo
317 2766 371 2824 tibi
391 2767 500 2840 poteris
520 2766 657 2842 polliceri.

168 2845 344 2903 Mentionem
366 2847 490 2905 antehac
509 2847 634 2905 feceram
646 2847 681 2905 de
693 2845 862 2906 Observatis
872 2844 1060 2905 Anatomicis.
1076 2844 1197 2920 Scripsit
1247 2882 1248 2885 =

128 2924 165 2981 ad
196 2944 241 2983 me
272 2946 331 2983 non
360 2925 403 2984 ita
432 2927 543 3001 pridem
573 2928 657 2985 Dom.
688 2926 808 3002 Boylius
839 2926 899 3001 (qui
929 2932 959 2984 te
979 2925 1196 3000 perhumaniter

128 3004 257 3078 salutat),
280 3005 400 3065 eximios
420 3006 609 3065 Anatomicos
629 3006 734 3066 Oxonii
754 3027 785 3065 se
807 3011 917 3064 certum
938 3005 1104 3076 reddidisse,
1118 3005 1193 3080 quod

127 3085 269 3158 Asperam
291 3085 446 3160 Arteriam,
468 3092 530 3144 tum
552 3087 732 3162 quarundam
748 3086 861 3157 Ovium,
878 3090 939 3144 tum
950 3087 1052 3156 Boum,
1064 3084 1194 3160 gramine

128 3166 264 3223 refertam
295 3166 480 3237 invenerint;
512 3171 541 3225 et
573 3168 649 3243 quod
680 3171 748 3225 ante
778 3186 887 3242 paucas
918 3165 1094 3241 septimanas
1127 3165 1194 3222 dict'

127 3245 292 3304 Anatomici
323 3246 440 3305 invitati
471 3247 580 3306 fuerint
607 3248 644 3306 ad
665 3247 819 3307 videndum
840 3248 958 3318 Bovem,
982 3245 1031 3321 qui
1051 3265 1103 3321 per
1124 3245 1196 3303 duos

126 3330 224 3384 tresve
245 3326 305 3385 dies
327 3328 430 3386 collum
449 3329 510 3385 fere
532 3327 668 3386 continuo
689 3327 832 3403 obstipum
854 3331 1038 3401 erectumque
1051 3329 1194 3397 tenuerat,

127 3410 157 3463 et
178 3426 215 3463 ex
235 3409 344 3479 morbo,
366 3428 450 3483 quem
470 3427 652 3483 possessores
672 3408 758 3483 plane
778 3427 837 3466 non
851 3405 1052 3482 cognoverint,
1064 3410 1196 3464 mortuus

126 3486 232 3546 fuerit:
260 3488 290 3546 in
318 3508 383 3563 que,
416 3487 546 3547 dissectis
576 3487 717 3564 partibus,
748 3489 785 3546 ad
806 3488 910 3547 collum
931 3493 961 3546 et
979 3487 1112 3563 jugulum
1133 3506 1195 3562 spe·

127 3566 282 3638 ctantibus,
297 3568 351 3644 ipsi
363 3568 523 3644 repererint
541 3568 815 3641 cumadmiratione,
827 3570 970 3644 Asperam
982 3568 1044 3644 ejus
1057 3566 1194 3626 arteriam

127 3645 240 3722 inipso
261 3653 364 3707 trunco
384 3649 501 3724 penitus
521 3648 652 3724 gramine
672 3649 809 3708 refertam
829 3648 927 3721 fuisse,
949 3648 1028 3708 acsi
1049 3647 1194 3723 quiaillud

128 3725 158 3783 vi
179 3726 255 3786 intro
276 3729 430 3804 adegisset.
451 3730 485 3789 Id
507 3730 582 3805 quod
601 3729 710 3805 justam
731 3729 864 3805 suggerit
882 3728 1047 3805 inquirendi
1068 3748 1193 3795 causam,

128 3812 191 3864 tum
212 3828 268 3882 qua
288 3809 402 3868 ratione
422 3814 506 3869 tanta
527 3809 667 3886 graminis
687 3810 836 3886 quantitas
855 3809 923 3868 illuc
936 3809 1111 3886 pervenerit,
1123 3812 1195 3878 tum,
