2662 4298
563 361 702 402 cererem
723 362 770 401 xc.
1147 349 1204 407 333

81 538 318 601 mostmzcet
351 533 384 589 in
405 530 567 605 'tycomolte
542 531 643 587 ttloo
663 530 722 586 ded
741 547 899 606 peworpea.
921 530 971 607 Hy
991 534 1091 608 coeqde
1113 534 1203 610 ’rby,

82 614 182 669 ·dot
171 612 252 687 thy
286 612 391 669 dienen
422 612 502 668 torte
532 612 576 680 tijt
565 610 651 667 ttae
677 609 794 668 certent
815 630 871 669 coa
891 613 926 669 de
943 613 1035 688 pedale
1055 615 1131 671 zoelo
1150 633 1206 672 eeu

81 718 91 726 ·
84 689 169 750 uit
171 712 282 768 coccea,
315 711 350 749 cn
382 692 460 748 aeide
490 697 585 748 coorto
615 692 704 748 dett
707 688 819 749 Ama
814 692 921 748 erdem
942 712 990 750 cea
1011 712 1080 750 men
1102 693 1148 765 (cn
1168 696 1205 769 hy

126 774 240 830 incende
274 773 325 829 dot
357 772 399 828 dit
431 772 465 828 de
492 769 581 843 zclsdc
610 789 678 840 was,
711 771 757 828 dic
788 771 823 846 by
853 772 916 828 hem
945 780 1058 846 pecc-cest
1079 774 1149 848 hod)
1171 776 1205 831 dc

81 866 91 889 ³·
127 854 219 925 zelsdc
247 853 375 926 werkiap
396 852 456 908 had
475 852 606 926 pedorem
627 850 704 907 decr
725 851 762 924 of
776 870 804 926 p
794 854 971 926 ι1330333161·ιέ
960 854 1138 929 twiy’ffelzqel
1132 861 1205 911 mort

81 935 90 971 ἶ
127 935 188 990 znlt
210 933 324 990 hebben.
347 932 399 989 Dic
420 933 447 988 is
467 932 488 987 't
503 931 540 1002 al,
563 932 614 987 dot
634 931 665 987 ilc
686 949 743 988 con
763 933 829 987 dcze
847 933 923 989 aeolo
943 932 992 990 heb
1014 934 1125 991 eonem
1146 953 1204 991 ecr-

130 1032 231 1071 oemca
247 1057 252 1067 .
266 1057 272 1069 .
287 1057 315 1069 ..

411 1242 626 1299 Errsroau
646 1241 714 1299 XLI
736 1243 814 1315 (oum
830 1244 913 1315 XLW).

336 1394 404 1452 Viro
429 1393 644 1452 Humoaicsimo
666 1399 749 1467 etque
769 1393 996 1452 Prudentiesimo

452 1542 651 1602 JARIGH
682 1543 874 1602 JELLES

597 1694 632 1752 B.
654 1713 682 1752 n.
705 1694 733 1753 S.

590 1845 692 1903 Versio
708 1849 733 1904 *.

209 1980 425 2038 [dumaaiscimc
453 1978 515 2049 Vir,

170 2114 225 2173 Hic
255 2111 363 2204 paucis,
393 2110 462 2188 quid
484 2111 519 2168 de
540 2131 583 2182 eo,
606 2112 683 2186 quod
703 2110 795 2187 primo
817 2132 923 2185 coram,
945 2113 1048 2173 deinde
1068 2114 1201 2174 literisa

128 2217 174 2254 me
195 2199 245 2271 pet
233 2193 313 2264 tiisti,
336 2190 516 2268 experientia
537 2190 784 2267 deprehenderim,
806 2195 948 2267 narrabo,
970 2194 1025 2266 cui,
1041 2194 1109 2270 quid
1123 2215 1201 2253 nunc

85 2295 89 2304 ·
130 2279 218 2335 dere
239 2239 371 2343 sentiam,
394 2271 536 2347 adjiciam.

174 2353 290 2426 Curavi,
324 2357 357 2410 ut
344 2351 458 2410 tmihi
488 2350 681 2410 fabricaretur
700 2353 788 2410 tubus
807 2352 929 2428 ligneae,
951 2353 1033 2430 cujus
1053 2354 1203 2430 longitudo

131 2439 168 2495 10
199 2399 315 2512 peduin,
339 2432 451 2491 cavitas
472 2451 541 2490 vero
565 2433 603 2508 1}
623 2431 780 2507 digitorum
801 2435 932 2505 eratted
954 2454 1039 2510 quem
1060 2440 1120 2494 tres
1140 2454 1203 2511 per·

128 2515 328 2595 pendiculares
352 2515 437 2571 tubos
457 2511 591 2588 applicui,
613 2512 657 2570 uti
678 2512 811 2588 apposita
832 2514 927 2590 figura
947 2515 1136 2575 demonstrat.

168 3503 209 3560 Ut
229 3503 321 3577 primo
342 3504 497 3580 experirer,
519 3524 589 3562 num
609 3525 694 3581 aquae
716 3503 826 3581 pressio
846 3504 923 3562 circa
935 3503 1196 3578 tubulumBaeque

160 3706 169 3724 '
193 3705 224 3751 In
240 3707 311 3753 Vere.
327 3707 399 3766 Belg.
415 3707 509 3754 Latino
524 3707 603 3753 verba
619 3721 669 3753 non
688 3709 835 3754 efferuntur.
853 3707 926 3762 Quod
942 3711 1028 3754 utrum
1044 3707 1102 3753 ideo
1120 3707 1196 3752 omis·

128 3780 184 3812 sum
210 3768 252 3824 sit,
276 3770 344 3827 quod
369 3770 483 3828 Spinozae
500 3771 678 3829 autographon
695 3770 876 3817 Hellandicum
891 3770 1023 3828 haberent,
1041 3784 1073 3816 an
1089 3771 1197 3828 propter

128 3830 242 3887 epistolae
260 3835 438 3890 argumentum
455 3833 520 3879 satis
536 3834 710 3892 perspicuum,
726 3846 777 3879 non
794 3833 883 3891 liquet.
