2662 4298
124 349 182 407 418
529 361 668 400 ar1sroua
689 363 792 402 nxxvr.

124 533 181 593 viri
211 533 240 590 in
269 532 368 590 eadem
389 528 585 606 reperiuntur.
607 529 670 587 Hoc
691 535 788 588 tamen
812 552 934 607 negare
959 534 1087 594 minime
1107 538 1212 612 poteris.

124 614 179 672 nisi
200 614 275 671 forte
295 631 359 669 cum
381 609 504 668 Ratione
525 608 690 667 memoriam
711 610 800 668 etiam
823 612 970 684 amisisti,
996 615 1029 673 in
1050 637 1212 693 quacunque

124 693 253 753 Ecclesia
281 693 378 767 plures
406 690 468 748 dari
498 689 575 748 viros
598 689 825 761 honestissimos,
850 693 905 768 qui
931 695 1036 753 Deum
1057 698 1172 772 justitia
1190 706 1212 756 et

125 773 267 833 charitate
298 772 411 841 colunt;
444 770 542 846 plures
562 769 638 827 enim
660 770 745 846 hujus
766 773 888 845 generis
912 775 1003 833 inter
1026 777 1211 845 Lutheranos,

124 855 315 924 Reformatos,
348 850 541 920 Mennonitas
570 854 600 907 et
620 850 826 909 Enthusiastas
848 854 1010 926 novimus
1034 863 1077 926 et,
1102 864 1136 916 ut
1154 859 1212 916 ahos

126 940 245 1005 taceam,
277 936 414 1008 parentes
445 935 510 988 tuos
541 929 626 1000 nosti,
658 930 706 1005 qui
735 935 869 1006 tompore
898 935 1004 993 Ducis
1026 938 1141 996 Albani
1161 939 1211 1014 pori

126 1013 212 1072 animi
250 1011 414 1071 constantia
450 1030 483 1068 ac
518 1010 653 1068 libertate
687 1010 812 1069 omnium
846 1017 1083 1075 tormentorum
1118 1039 1211 1094 genera

126 1098 245 1170 propter
277 1091 454 1166 Religionem
486 1090 564 1166 passi
595 1095 679 1163 sunt3
708 1111 742 1148 ac
768 1091 895 1166 proinde
928 1099 1106 1157 concedere
1128 1100 1210 1160 debes.

128 1175 194 1233 vitae
230 1173 414 1231 sanctitatem
446 1190 504 1229 non
535 1190 598 1228 esse
630 1172 766 1244 Romanae
798 1172 946 1232 Ecclesiae
983 1179 1152 1254 propriam,
1171 1180 1210 1237 scd

118 1254 258 1313 omnibus
280 1271 466 1311 communem.
488 1251 526 1308 Et
547 1250 614 1325 quia
634 1271 686 1325 per
706 1252 761 1309 hoc
775 1251 915 1312 novimus
929 1257 982 1325 (ut
994 1278 1066 1316 cum
1079 1261 1209 1335 Apostolo

126 1335 193 1393 Joh.
218 1336 243 1392 1.
266 1333 357 1408 Epist.
378 1351 441 1407 cap.
464 1333 491 1388 4.
511 1338 586 1390 vers.
610 1331 656 1389 13.
678 1332 800 1406 loquar),
819 1335 899 1407 quod
919 1334 956 1392 in
974 1338 1041 1395 Deo
1057 1359 1209 1409 manemus,

44 1472 45 1476 ,
127 1420 156 1473 et
186 1416 264 1472 Deus
295 1416 394 1471 manet
425 1411 454 1469 in
482 1410 573 1481 nobis,
595 1411 734 1487 sequitur,
756 1412 895 1487 quicquid
918 1416 1069 1477 Romana
1090 1421 1209 1479 Ecclesia

126 1498 162 1554 ab
184 1494 248 1552 aliis
269 1491 429 1567 distinguit,
452 1492 626 1567 superfluum
648 1491 762 1550 omnino
784 1512 857 1563 esse,
881 1499 912 1552 et
936 1506 1165 1574 consequenter
1181 1521 1209 1558 ex

127 1576 187 1633 sola
219 1573 424 1649 superstitione
452 1571 625 1629 institutum.
648 1573 700 1630 Est
721 1572 806 1643 enim,
828 1577 862 1631 ut
884 1595 955 1633 cum
980 1579 1129 1638 Johanne
1150 1581 1207 1647 dixi,

124 1653 240 1730 justitia
261 1658 291 1711 et
311 1653 439 1711 charitas
460 1651 577 1710 unicum
599 1656 628 1709 et
649 1651 838 1711 certissimum
862 1674 947 1714 verse
972 1658 1045 1716 fidei
1059 1659 1208 1719 catholice

127 1735 250 1809 signum,
286 1737 316 1791 et
346 1732 409 1790 veri
440 1731 564 1808 Spiritus
595 1731 694 1790 Sancti
724 1733 844 1803 fructus,
878 1739 909 1792 et
943 1737 1126 1816 ubicunque
1156 1741 1208 1798 hac

127 1813 319 1890 reperiuntur,
340 1811 381 1871 ibi
401 1811 533 1870 Christus
554 1831 656 1870 revera
677 1817 729 1883 est,
752 1817 782 1870 et
803 1813 974 1889 ubicunque
999 1818 1124 1892 desunt,
1138 1821 1207 1878 deest

126 1894 268 1954 Christus.
291 1893 356 1951 Solo
378 1912 501 1967 namque
522 1891 629 1950 Christi
651 1892 760 1968 Spiritu
782 1893 848 1952 duci
861 1913 1028 1969 possumus
1041 1899 1076 1957 in
1088 1921 1207 1958 amorem

123 1973 244 2052 justitiae
266 1979 295 2032 et
316 1972 475 2031 charitatis.
497 1973 568 2031 Haec
589 1972 613 2029 si
634 1977 728 2031 tecum
749 1978 828 2031 recte
849 1975 999 2035 voluisses
1019 1982 1206 2056 perpendere,

125 2076 178 2114 nec
209 2060 237 2113 te
269 2053 450 2130 perdidisses,
482 2072 535 2110 nec
565 2057 632 2111 tuos
661 2057 797 2129 parentes
823 2053 853 2111 in
887 2059 1034 2116 acerbum
1058 2081 1207 2120 moerorem

125 2135 305 2210 conjecisses,
328 2134 377 2210 qui
397 2137 477 2191 tuam
499 2133 644 2190 fortunam
667 2153 743 2191 nunc
763 2133 867 2191 misere
888 2135 1013 2195 deflent.

166 2217 220 2274 Sed
248 2216 284 2273 ad
306 2220 386 2272 tuam
407 2212 566 2288 Epistulam
587 2219 731 2284 revertor;
755 2213 784 2271 in
806 2234 862 2288 qua
883 2215 981 2290 primo
1006 2219 1115 2289 defles,
1139 2221 1205 2296 quod

126 2317 170 2354 me
204 2316 221 2353 a
250 2296 436 2353 scelestorum
469 2293 626 2367 Spirituum
658 2294 791 2369 Principe
817 2294 996 2354 circumduci
1019 2301 1134 2373 patiar.
1158 2301 1204 2358 Sed

127 2397 226 2451 quaeso
257 2380 332 2434 hono
365 2375 459 2433 animo
489 2374 536 2442 sis
558 2379 645 2448 atque
666 2379 697 2431 at
719 2379 749 2431 te
770 2374 839 2432 redi.
863 2375 934 2432 Cum
953 2379 1070 2437 mentis
1095 2402 1205 2456 compos

126 2477 198 2528 eras,
228 2457 320 2514 Deum
349 2454 501 2522 infinitum,
524 2453 554 2510 ni
575 2454 668 2523 fallor,
692 2455 841 2525 adorabas
864 2456 947 2530 cujus
970 2459 1091 2518 virtute
1116 2461 1203 2518 omnis

125 2537 254 2594 absolute
275 2538 349 2593 fiunt
370 2542 399 2592 et
420 2539 643 2592 conservantur:
667 2534 725 2609 jam
749 2555 817 2592 vero
840 2535 1006 2610 Principem
1024 2540 1081 2597 Dei
1097 2543 1202 2599 hostem

127 2616 261 2684 somnias,
293 2616 340 2689 qui
368 2614 460 2671 invito
490 2615 549 2671 Deo
566 2614 696 2672 homines
716 2615 867 2690 plerosque
889 2615 961 2688 (rari
985 2618 1102 2694 quippe
1125 2622 1201 2691 bonit

127 2695 313 2754 circumducit
348 2699 377 2751 et
411 2693 525 2767 decipit,
558 2715 629 2768 quos
661 2700 814 2770 propterea
846 2697 924 2753 Deus
956 2697 1028 2755 huic
1060 2702 1201 2759 scelerum

128 2774 266 2849 magistro
297 2775 326 2832 in
358 2779 496 2832 {eternum
530 2775 699 2833 cruciandos
729 2775 828 2833 tradit.
861 2776 976 2833 Patitur
1007 2799 1082 2854 crgo
1106 2781 1202 2839 divina

125 2854 247 2931 justitia,
284 2860 316 2913 ut
351 2853 489 2913 Diabolus
520 2854 650 2912 homines
681 2855 797 2930 impune
829 2856 973 2931 decipiat3
1008 2865 1041 2916 at
1074 2860 1198 2930 minime,

126 2937 264 3007 homines,
296 2937 398 2994 misere
430 2939 466 2993 ab
498 2935 560 3010 ipso
592 2935 713 2994 Diabolo
745 2938 881 3011 deceptos
913 2941 942 2994 et
973 2936 1197 3003 circumductos¹

131 3038 247 3075 manere
268 3018 408 3092 impunes.

168 3099 265 3172 Atque
287 3100 348 3156 heac
369 3097 494 3154 absurda
515 3096 664 3153 toleranda
686 3097 780 3154 adhuc
802 3102 906 3167 essent,
920 3097 943 3154 si
955 3099 1051 3156 Deum
1064 3101 1201 3159 adorares

127 3178 272 3235 inlinitum
307 3183 337 3235 et
369 3182 517 3245 aeternum,
552 3196 609 3232 non
640 3177 728 3247 illum,
753 3197 836 3252 quem
859 3177 1020 3235 Chastillon
1043 3179 1072 3236 in
1097 3181 1199 3256 oppido

128 3258 244 3327 Tienen,
279 3257 319 3314 sic
351 3278 368 3314 a
399 3255 496 3329 Belgis
528 3261 703 3330 nuncupato,
737 3257 818 3332 equis
846 3258 1053 3315 comedendum
1083 3259 1198 3336 impune

127 3338 214 3395 dedit.
257 3338 294 3393 Et
328 3357 373 3394 me
405 3337 494 3393 defles
528 3336 639 3393 miser?
671 3358 819 3411 meamque
852 3337 1078 3412 Philosophiam,
1116 3361 1198 3415 quam

127 3437 273 3492 nunquam
295 3417 400 3485 vidisti,
423 3418 598 3489 chymaeram
620 3424 725 3474 vocas?
749 3419 772 3475 0
795 3422 890 3475 mente
911 3417 1051 3477 destitute
1070 3419 1196 3494 juvenis,

129 3498 192 3573 quis
217 3503 245 3554 te
267 3496 430 3562 fascinavit,
453 3501 485 3553 ut
506 3517 647 3554 summum
669 3497 736 3555 illud
759 3503 788 3555 et
811 3504 950 3555 aeternum
972 3503 1002 3555 te
1015 3500 1159 3559 devorare
1172 3506 1197 3558 ct

129 3579 157 3636 in
179 3577 324 3635 intestinis
345 3578 452 3634 habere
474 3578 594 3634 credas?

169 3658 291 3716 Ratione
313 3662 410 3713 tamen
432 3657 504 3713 velle
527 3656 568 3714 uti
590 3657 705 3725 videris,
719 3678 821 3732 meque
835 3679 930 3733 rogas,
944 3662 1086 3733 quomodo
1099 3665 1199 3729 scium,

130 3760 220 3797 naemu
246 3738 454 3811 Philosophiam
478 3740 615 3810 optimum
636 3756 692 3794 essc
707 3741 859 3796 interillos
874 3758 976 3807 cirrum,
992 3759 1056 3812 quse
1071 3761 1198 3816 utiquam

128 3823 159 3878 io
188 3820 294 3878 ›iizludo
315 3819 402 3874 decha
422 3818 551 3888 fueruat,
573 3819 726 3873 ctiulmmm
751 3819 895 3889 docentem,
919 3827 969 3876 airu
991 3839 1123 3894 vusquam
1147 3825 1199 3878 im-
