2662 4298
412 336 727 401 rauonooreo-roumm
748 362 813 403 one.
834 362 896 401 xvr.
1140 344 1196 402 127

126 549 182 588 neo
203 529 295 600 nobis,
317 533 350 587 ut
371 548 469 587 earum
478 530 526 604 jus
537 549 697 600 noscamus,
709 529 782 588 scire
790 531 850 605 jam
860 550 933 605 opus
944 536 997 600 est,
1010 530 1086 588 unde
1097 536 1193 588 ortum

127 609 293 670 habuerint.
304 614 334 668 et
345 628 423 685 saepe
434 609 561 668 habeant
571 633 577 676 ;
588 609 616 667 id
624 610 700 668 enim
708 629 746 668 ex
753 611 836 668 modo
845 609 968 668 ostensis
975 610 1046 668 satis
1053 629 1195 686 superque

125 695 253 748 constat.
268 689 341 747 Nam
353 690 482 764 quisquis
489 709 628 748 summam
636 691 724 748 hahet
731 695 914 766 potestatem,
924 690 986 749 eive
994 711 1069 748 unus
1076 691 1122 762 sit,
1133 691 1195 748 sive

127 769 222 845 pauci,
243 769 307 828 sive
328 769 451 845 denique
472 790 580 840 omnes
601 775 712 828 eertum
733 776 786 840 est,
807 770 833 829 ei
847 790 989 829 summurn
1001 771 1192 846 jusquioquid

125 849 201 908 velit
220 849 380 925 imperandi
400 855 577 925 competere3
599 855 629 908 et
649 856 801 926 praeterea,
816 850 946 926 quisquis
966 855 1140 926 potestatem
1166 871 1197 908 se

127 929 311 1000 defendendi,
333 929 394 988 sive
416 935 518 1006 sponte
540 930 601 988 sive
622 930 652 989 vi
672 936 797 1002 coaetus,
819 931 948 989 inalium
960 931 1118 1003 transtulit,
1131 951 1196 990 eum

126 1030 183 1068 suo
202 1010 267 1083 jure
287 1010 415 1068 naturali
434 1011 520 1086 plane
541 1010 668 1080 oessisse,
691 1017 721 1069 et
730 1016 940 1087 consequenter
951 1011 1042 1069 eidem
1054 1011 1090 1069 ad
1102 1011 1199 1070 omnia

126 1091 261 1148 absolute
274 1109 376 1166 parere
391 1090 568 1162 decrevisse;
581 1091 656 1166 quod
668 1091 764 1149 omnia
773 1097 913 1166 praestare
924 1095 1048 1162 tenetur,
1061 1091 1199 1166 quamdiu

126 1171 204 1240 Rex,
236 1170 298 1228 sive
329 1170 454 1241 Nobiles
487 1171 548 1229 sive
580 1172 716 1246 Populus,
750 1191 890 1229 summam
918 1171 1004 1246 quarn
1024 1176 1198 1247 aeceperunt

126 1255 313 1325 potestatem,
335 1270 400 1325 quae
419 1251 493 1326 juris
503 1251 696 1309 transferendi
707 1252 925 1310 fundamentum
937 1251 1001 1321 tuit,
1013 1258 1196 1310 conservant.

126 1329 191 1388 Neo
212 1330 257 1388 his
277 1331 361 1406 plura
382 1331 488 1389 addere
509 1351 582 1407 opus
602 1336 655 1390 est.

171 1410 289 1486 hnperii
308 1411 504 1469 fundamentis
524 1417 554 1469 et
572 1412 637 1486 jure
658 1410 790 1482 ostensis,
811 1411 895 1469 facile
916 1411 972 1470 erit
992 1411 1195 1481 determinare,

128 1490 202 1568 quid
220 1492 269 1566 jue
288 1490 372 1549 civile
392 1491 548 1566 privatum,
570 1490 637 1565 quid
658 1491 772 1566 iniuria,
794 1491 862 1568 quid
875 1491 989 1566 justitia
1006 1496 1035 1549 et
1045 1491 1197 1566 injustitia,

127 1572 161 1629 in
182 1575 262 1629 statu
283 1570 361 1629 oivili
383 1571 438 1629 sit:
461 1571 563 1630 deinde
585 1572 648 1646 quis
669 1572 888 1643 oonfoederatuS,
902 1571 1075 1647 quishoetiS,
1089 1571 1198 1648 etquid

128 1651 255 1726 denique
275 1651 383 1709 crimen
403 1652 480 1710 laesae
501 1652 662 1727 majestatis
682 1652 729 1710 eit.
748 1653 804 1710 Per
812 1653 860 1728 jus
871 1652 946 1710 enim
958 1651 1041 1710 oivile
1051 1652 1198 1727 privatum

128 1731 205 1790 nihil
226 1730 303 1789 aliud
323 1731 485 1806 intelligere
506 1751 667 1806 possumus,
690 1752 775 1807 quam
795 1733 1019 1807 uniuscujusque
1035 1732 1198 1791 libertatern

128 1812 169 1869 ad
191 1831 255 1869 sese
275 1811 306 1869 in
320 1830 372 1870 suo
384 1816 463 1870 statu
474 1812 713 1883 conservandum,
726 1832 791 1888 quae
802 1812 904 1871 edictis
914 1833 1033 1871 summae
1045 1812 1199 1887 potestatis

128 1891 351 1962 determinatur,
373 1893 490 1967 solaque
511 1893 639 1967 ejusdem
660 1893 838 1951 authoritate
854 1892 1026 1951 defenditur.
1037 1892 1110 1950 Nam
1123 1898 1199 1967 post·

127 1991 219 2048 quam
251 1971 448 2048 unusquisque
477 1973 525 2047 jus
556 1992 640 2030 suum
672 1993 709 2031 ex
733 1973 850 2048 proprio
871 1972 1051 2047 beneplacito
1072 1972 1198 2041 vivendi,

127 2071 189 2128 quo
211 2051 273 2110 sola
293 2071 346 2110 aua
365 2057 511 2128 potestate
532 2052 787 2124 determinabatur,
809 2054 864 2111 hoo
885 2058 930 2111 est
944 2072 1025 2110 suam
1035 2052 1199 2110 libertatern

126 2137 161 2190 et
191 2131 350 2207 potentiam
383 2152 414 2190 se
440 2133 619 2204 defendendi,
641 2133 672 2191 in
693 2133 780 2191 alium
802 2133 960 2201 transtulit,
983 2152 1020 2190 ex
1041 2133 1103 2190 sola
1122 2131 1199 2190 illius

126 2211 245 2270 ratione
263 2212 324 2286 jam
345 2212 445 2271 vivere
459 2217 584 2284 tenetur,
597 2218 626 2271 et
637 2213 697 2271 solo
709 2214 835 2288 ejusdem
848 2213 982 2288 praesidio
994 2232 1024 2270 ee
1036 2213 1197 2271 defendere.

127 2292 244 2367 injuria
275 2297 328 2362 est,
360 2313 425 2351 oum
456 2293 528 2351 oivis
559 2295 606 2351 vel
637 2293 768 2351 subditus
793 2295 830 2350 ab
851 2293 907 2350 alio
928 2292 1042 2367 aliquod
1064 2293 1199 2350 damnum

125 2376 234 2430 eontra
258 2372 306 2448 jus
326 2372 418 2444 civile,
441 2373 502 2431 sive
523 2373 648 2432 edietum
670 2393 788 2432 summae
809 2373 971 2448 potestatis,
994 2371 1055 2447 pati
1076 2371 1197 2446 cogitur.
1310 2392 1317 2405 ·

125 2452 243 2528 injuria
264 2452 340 2510 enim
361 2473 420 2511 non
441 2453 497 2511 nisi
516 2453 547 2511 in
568 2459 647 2512 statu
668 2454 747 2512 civili
766 2459 864 2529 potest
884 2453 1010 2529 concipi3
1032 2453 1081 2510 sed
1106 2472 1199 2526 neque

127 2553 149 2590 a
171 2532 290 2590 summis
310 2533 512 2608 potestatibus
535 2534 638 2609 quibus
657 2535 723 2609 jure
743 2534 839 2592 omnia
852 2534 949 2604 licent,
962 2535 1020 2592 ulla
1032 2533 1200 2608 fieripotest

126 2612 270 2683 subditis;
304 2632 373 2687 ergo
404 2613 435 2672 in
465 2613 589 2689 privatis
621 2619 744 2684 tantum,
767 2615 816 2690 qui
834 2615 899 2690 jure
920 2618 1057 2673 tenentur
1076 2613 1199 2671 invicem

127 2713 191 2751 non
216 2693 331 2762 laedere,
353 2695 446 2751 locum
467 2696 574 2752 habere
594 2699 699 2770 potest.
721 2695 842 2754 Justitia
863 2699 908 2753 est
928 2694 1016 2753 animi
1036 2694 1200 2752 constantia

126 2773 278 2831 tribuendi
310 2774 463 2849 unicuique
491 2775 567 2849 quod
589 2775 616 2832 ei
637 2795 674 2833 ex
693 2775 758 2850 jure
778 2775 857 2834 civili
877 2775 1029 2850 competit3
1051 2774 1200 2849 injustitia

126 2857 229 2911 autem
251 2858 303 2923 eet,
326 2854 420 2928 specie
439 2854 513 2928 juris
533 2855 619 2912 alicui
639 2856 800 2926 detrahere,
823 2857 897 2930 quod
919 2855 945 2913 ei
966 2875 1001 2913 ox
1022 2855 1199 2928 veralegum

123 2933 369 3008 interpretatione
390 2935 536 3009 competit.
560 2936 712 2993 Vocantur
732 2935 818 2993 etiarn
841 2935 975 3010 AEquitas
996 2940 1025 2992 et
1045 2934 1196 3009 iniquitas

126 3013 200 3089 quia
229 3013 278 3087 qui
298 3014 447 3072 constituti
468 3020 536 3072 sunt
557 3016 593 3072 ad
614 3015 680 3073 lites
701 3016 883 3084 dirimendas,
905 3016 1015 3072 nullum
1036 3019 1198 3089 respectum

131 3113 330 3169 personarum,
352 3095 402 3152 sed
424 3115 523 3152 omnes
544 3097 671 3170 aequales
692 3096 798 3153 hahere
818 3099 964 3165 tenentur,
986 3099 1016 3151 et
1032 3095 1082 3168 jus
1102 3093 1198 3151 unius·

125 3174 270 3249 cujusque
291 3194 373 3249 aeque
394 3176 564 3246 defendere3
586 3196 645 3233 non
666 3175 749 3233 diviti
768 3175 907 3246 invidere,
930 3193 1023 3249 neque
1041 3193 1198 3248 pauperem

127 3259 325 3313 contemnere.
358 3255 552 3314 Oonfoederati
579 3260 648 3313 sunt
668 3255 798 3313 homines
819 3256 940 3312 duarum
961 3253 1117 3321 civitatem,
1140 3253 1196 3327 qui,

126 3354 168 3392 ue
186 3334 253 3391 belli
265 3333 427 3394 discrimine
436 3335 468 3393 in
478 3335 635 3410 perieulum
647 3336 775 3404 veniant,
787 3335 834 3393 vel
845 3337 881 3392 ob
893 3334 978 3392 aliam
991 3353 1197 3408 quamcumque

128 3413 296 3483 utilitatem,
321 3415 399 3473 inter
419 3436 450 3473 se
471 3418 648 3474 contrahunt
667 3416 791 3474 invicem
811 3435 870 3472 non
889 3415 1004 3480 laedere,
1026 3414 1075 3471 sed
1097 3418 1199 3470 eontra

132 3493 307 3553 necessitate
338 3500 460 3570 cogente
481 3495 625 3571 opitulari,
646 3497 732 3570 idque
752 3514 924 3570 unoquoque
945 3514 1028 3552 suum
1048 3492 1197 3567 imperium

131 3574 286 3633 retinente.
318 3575 375 3633 Hie
405 3581 572 3634 contractus
604 3577 712 3634 tamdiu
743 3576 799 3634 erit
830 3576 951 3648 validus,
980 3573 1116 3650 quamdiu
1137 3574 1198 3649 ejus

133 3655 363 3726 fundamentum,
385 3676 488 3731 nempe
508 3656 584 3714 ratio
605 3655 724 3732 periculi
745 3657 806 3714 sive
827 3655 970 3725 utilitatis,
981 3655 1012 3711 in
1023 3654 1115 3712 medio
1128 3655 1197 3711 erit:

130 3735 241 3810 quippe
262 3755 345 3793 nemo
367 3736 521 3805 contrahit,
543 3757 597 3794 neo
618 3737 710 3812 pactis
725 3741 803 3795 stare
813 3740 938 3803 tenetur,
950 3734 1006 3792 nisi
1017 3754 1067 3810 spe
1079 3733 1199 3809 alicujus

131 3815 212 3887 boni,
253 3816 299 3873 vel
330 3816 520 3874 sollieitudine
551 3817 672 3893 ahoujus
702 3816 786 3888 mali;
819 3817 894 3891 quod
925 3816 1144 3873 fundamentum
1175 3814 1200 3871 si
