2662 4298
548 387 686 426 arrsroua
708 388 773 427 nur.
1137 372 1194 430 235

128 555 235 625 nentia,
264 575 350 630 quam
377 574 432 629 ego
457 555 568 613 cuidam
588 554 698 630 juveni,
720 575 806 630 quem
826 575 905 614 meas
926 555 1075 631 opiniones
1096 564 1196 632 aperte

130 637 233 693 docere
254 636 395 703 nolebam,
418 641 470 693 ant
458 636 543 693 tehao
564 635 749 694 dictaveram.
771 635 881 694 Deinde
902 641 1044 710 rogarunt
1064 641 1195 712 utquam

126 716 251 791 primurn
273 735 395 790 possem,
417 715 539 806 primam
561 715 648 772 etiam
670 716 786 774 Partem
808 716 907 774 eadem
930 718 978 774 Me
980 716 1068 775 thodo
1084 717 1195 776 concin-

128 816 237 854 narem.
270 796 341 886 Ego,
374 815 411 853 ne
444 795 544 853 amieis
572 795 808 866 adversarer,t
781 801 827 854 sta
828 796 880 853 tim
901 797 1003 854 moad
1025 817 1088 855 eam
1110 798 1195 855 conli-

128 876 259 934 ciendam
281 875 403 946 aeeinxi,
425 894 546 951 eamque
566 875 610 934 int
612 895 645 934 ra
598 877 737 934 tduas
758 877 953 935 hebdomadas
974 877 1195 954 consocietque

129 956 229 1014 amicis
249 955 365 1026 tradidi,
387 955 468 1031 quit
456 956 573 1014 tandem
594 975 640 1014 me
657 960 840 1030 rogaruntu
823 956 987 1015 utsibiilla
1001 957 1097 1015 omnia
1111 959 1195 1016 edere

127 1036 243 1108 liceret,
217 1036 347 1111 tquod
375 1035 494 1094 facile
486 1040 642 1111 impetrare
668 1055 705 1112 po
707 1041 834 1104 t,uerunt
856 1037 912 1094 hac
933 1037 1047 1111 quidem
1067 1038 1141 1113 lege,
1163 1042 1196 1096 ut

129 1137 228 1175 eorum
257 1115 368 1190 aliquis,
396 1135 442 1173 me
469 1120 622 1191 prasente,
652 1136 686 1174 ea
714 1116 789 1191 stylo
819 1117 990 1191 elegantiori
1014 1122 1140 1188 ornaret,
1162 1138 1196 1176 ae

130 1196 385 1255 Praefatiunculam
418 1197 546 1267 adderet,
578 1196 608 1253 in
640 1216 698 1274 qua
731 1197 867 1255 Lectores
896 1202 1035 1266 moneret,
1065 1218 1110 1256 me
1138 1218 1196 1256 non

129 1276 233 1347 omnia,
266 1296 330 1351 quae
363 1276 394 1334 in
422 1296 454 1334 eo
483 1278 621 1334 Tractatu
648 1276 841 1368 eontinentur,
863 1296 916 1352 pro
936 1277 1008 1335 meis
1028 1297 1194 1352 agnoscere,

128 1378 193 1415 cum
222 1377 279 1414 non
306 1376 399 1432 pauca
427 1356 457 1414 in
489 1376 521 1414 eo
544 1357 716 1432 scripserim,
738 1377 859 1432 quorum
881 1362 948 1415 cont
949 1357 1055 1416 rarium
1078 1378 1196 1433 prorsus

129 1437 253 1528 amplect
255 1458 296 1506 or,
329 1438 440 1511 hocque
472 1456 529 1494 uno
561 1442 612 1495 aut
600 1439 686 1495 talt
674 1442 737 1495 tero
765 1438 897 1512 exemplo
924 1439 1098 1496 ostenderet.
1126 1439 1196 1508 Quae

130 1517 226 1575 onmia
248 1517 357 1575 amicus
378 1516 502 1591 quidam,
525 1516 571 1574 cui
593 1517 660 1575 edit'
640 1522 680 1575 ιιο
702 1517 788 1591 hujus
809 1517 897 1575 libelli
918 1537 994 1576 ιιιιι
1015 1523 1068 1588 ιιι,
1090 1518 1196 1593 pollici·

129 1603 177 1656 tus
205 1601 249 1654 est
236 1599 439 1666 ιιι,ιιιι
410 1602 439 1654 ιι
470 1599 525 1655 ιιι
547 1598 582 1655 de
603 1617 690 1656 eausa
711 1598 859 1672 aliquodt
861 1617 961 1689 empus
982 1600 1067 1656 Amst
1068 1599 1196 1657 elaedami

131 1682 260 1735 moratus
289 1697 359 1736 sum.
389 1678 427 1735 Ει
455 1698 472 1735 a
501 1697 557 1753 quo
584 1677 615 1735 in
642 1678 721 1735 hunc
741 1698 858 1753 pagum,
880 1678 910 1735 in
931 1697 986 1753 quo
1006 1679 1066 1754 jam
1087 1679 1195 1748 habito,

130 1777 265 1816 reversus
292 1757 342 1827 ιιι,
372 1757 423 1815 vix
449 1757 507 1815 mei
524 1757 598 1833 juris
619 1777 682 1816 esse
702 1758 783 1833 potui
804 1763 924 1834 propter
944 1759 1059 1828 amicae,
1082 1759 1129 1834 qui
1151 1779 1196 1817 me

132 1838 245 1912 dignati
274 1842 342 1895 sunt
368 1837 502 1896 invisere.
531 1840 598 1896 ιιι]
620 1839 746 1909 tandem,
768 1838 868 1896 Amice
890 1838 1067 1910 suavissime,
1089 1839 1195 1914 aliquid

130 1923 262 1993 superest
282 1917 430 1993 temporis
452 1938 508 1993 quo
523 1920 585 1977 haec
595 1918 648 1976 tibi
660 1919 881 1989 communicare,
894 1919 1034 1994 simulque
1045 1919 1195 1990 rationem,

131 2019 182 2056 cur
203 2018 257 2072 ego
278 1999 355 2056 huno
377 1998 545 2056 Tractatum
565 1999 596 2055 in
616 1999 709 2056 lucem
729 1999 845 2074 prodire
856 1999 927 2068 sin0,
939 1999 1059 2057 reddere
1070 2019 1195 2075 possum.

131 2080 194 2136 Hac
225 2098 326 2154 nempe
358 2077 508 2136 occasione
538 2080 614 2136 forte
644 2078 743 2153 aliqui,
769 2078 817 2154 qui
837 2078 867 2136 in
887 2099 952 2137 mea
972 2079 1068 2154 patria
1088 2079 1197 2154 primas

130 2165 228 2234 partes
261 2163 370 2226 tenent,
396 2157 586 2233 reperientur,
608 2159 656 2233 qui
678 2163 793 2228 caetera,
816 2178 881 2234 quae
903 2159 1013 2234 scripsi,
1036 2163 1123 2234 atque
1143 2179 1196 2235 pro

130 2238 201 2296 meis
232 2258 367 2312 agnosco,
400 2238 604 2296 desiderabunt
636 2239 747 2310 videre3
781 2239 908 2313 adeoque
936 2241 1087 2309 curabunt,
1109 2245 1142 2297 ut
1164 2259 1198 2297 ea

132 2323 216 2377 extra
237 2338 321 2376 omne
341 2318 512 2376 incommodi
533 2319 690 2393 periculum
712 2319 870 2376 communis
882 2319 956 2395 juris
968 2320 1064 2377 facere
1074 2319 1196 2394 possim:

131 2400 185 2456 hoc
217 2419 285 2456 vero
318 2399 342 2456 si
373 2399 534 2473 contingat,
566 2419 624 2457 non
656 2398 764 2468 dubito,
797 2399 867 2474 quin
898 2399 995 2457 statim
1017 2400 1145 2475 quaedam
1168 2400 1198 2456 in

131 2479 275 2554 publicum
298 2480 397 2549 edam;
419 2479 464 2537 sin
485 2478 588 2549 minus,
610 2480 699 2537 silebo
720 2479 824 2554 potius,
847 2499 932 2555 quam
954 2499 1033 2538 meas
1049 2479 1198 2555 opiniones

132 2559 293 2617 hominibus
314 2559 406 2618 invita
427 2560 523 2634 patria
544 2560 705 2632 obtrudam,
728 2577 834 2636 eosque
848 2560 918 2618 mihi
932 2560 1060 2618 infensos
1070 2561 1196 2619 reddam.

131 2642 237 2698 Precor
267 2639 365 2714 igitur,
398 2640 499 2698 Amice
529 2641 705 2711 honorande,
731 2645 817 2698 uteo
838 2660 929 2716 usque
951 2646 1119 2716 exspectare
1140 2661 1198 2698 non

132 2720 278 2794 graveris:
311 2724 370 2778 tum
393 2720 468 2778 enirn
489 2726 540 2778 aut
559 2721 653 2795 ipsum
674 2722 842 2779 Tractatum
863 2722 1043 2796 impressum,
1064 2725 1116 2780 aut
1136 2722 1198 2796 ejus

131 2800 338 2874 compendium,
375 2805 407 2858 ιι
439 2821 457 2858 a
487 2821 533 2858 me
560 2801 645 2876 petis,
667 2801 796 2859 habebis.
818 2802 856 2859 Et
876 2802 900 2859 si
920 2801 1035 2859 interim
1057 2802 1127 2876 ejus
1150 2801 1199 2877 qui

131 2883 184 2937 sub
205 2881 296 2955 praelo
314 2880 374 2954 jam
396 2881 490 2951 sudat,
512 2900 600 2939 unum
622 2885 673 2939 aut
694 2883 815 2939 alterum
837 2881 985 2957 exemplar
999 2882 1197 2946 haberevelis,

131 2960 180 3018 ubi
201 2961 229 3017 id
251 2960 403 3030 rescivere,
426 2965 455 3018 ιι
475 2961 559 3018 simul
580 2961 714 3030 medium,
736 2981 793 3036 quo
813 2961 907 3035 ipsum
923 2962 1069 3020 commode
1083 2961 1198 3019 mittere

131 3045 241 3115 potero,
263 3045 322 3098 ιιι
344 3040 488 3098 voluntati
508 3043 660 3116 obsequar.

172 3122 314 3178 Revertor
343 3121 401 3195 jam
435 3120 471 3178 ad
503 3124 583 3179 tuam
614 3120 781 3196 Epistolam.
804 3121 929 3195 Magnas
950 3121 1011 3190 tibi,
1034 3120 1077 3178 uti
1098 3121 1196 3191 debeo,

132 3141 372 3275 Nobilissimoqrie
394 3201 496 3276 Boylio
518 3221 574 3275 ago
596 3206 663 3276 grat
664 3201 707 3259 ias
728 3221 781 3276 pro
802 3200 1035 3339 perspectissime
1056 3206 1107 3258 ιιι
1128 3220 1199 3275 erga

132 3300 177 3338 me
198 3281 406 3349 benevolentia,
429 3301 537 3357 proque
548 3282 737 3339 beneficaua
747 3282 898 3339 volun
939 3285 1056 3339 enim
1066 3280 1198 3356 tantrque

132 3361 269 3419 momenti
291 3366 320 3418 et
340 3360 476 3436 ponderis
497 3361 623 3436 negotia,
643 3361 677 3419 in
699 3361 802 3436 quibus
825 3360 960 3431 versaris,
972 3381 1078 3436 nonpo
1080 3365 1199 3419 tuerunt

133 3442 255 3509 efficere,
277 3446 310 3499 ιι
331 3441 374 3499 ιιι
394 3441 488 3499 Amici
509 3441 728 3511 obliviscereris
753 3441 822 3516 quin
842 3407 1196 3516 imobeirignepolliceris,

132 3526 161 3578 te
183 3521 260 3579 omni
281 3523 365 3579 modo
387 3541 497 3592 curare,
519 3541 556 3579 ne
567 3521 598 3579 in
609 3527 756 3596 posterum
768 3521 945 3579 consuetudo
957 3527 1057 3579 nostra
1068 3521 1198 3580 literaria

134 3602 244 3659 tamdiu
286 3601 526 3677 interrumpatur.
558 3601 759 3660 Eruditissimo
791 3601 914 3659 Domino
942 3602 1045 3677 Boylio
1076 3622 1198 3676 magnas

133 3681 221 3739 etiam
254 3702 309 3756 ago
342 3682 462 3757 gratias,
495 3683 571 3757 quod
604 3682 640 3740 ad
662 3702 741 3740 meas
762 3681 854 3739 Notas
875 3683 1013 3756 dignatus
1033 3683 1130 3753 luerit,
1151 3702 1197 3741 re·

133 3763 284 3836 spondere,
307 3762 440 3838 quamvis
461 3762 563 3832 obiter,
586 3767 615 3820 et
626 3762 708 3838 quasi
720 3761 796 3821 aliud
810 3763 931 3837 agendo.
944 3763 1082 3837 Equidem
1094 3764 1196 3833 fateor,

134 3862 183 3899 eas
204 3863 262 3899 non
283 3842 359 3900 tanti
379 3862 442 3900 esse
462 3843 608 3912 momenti,
630 3849 663 3900 ut
684 3842 902 3902 Eruditissimus
924 3843 976 3900 Vir
996 3842 1026 3901 in
1037 3843 1072 3900 iis
1083 3862 1198 3918 respon-
