2662 4298
480 370 618 408 nrrsroea
637 369 708 408 nvn.
1071 351 1128 408 381

56 538 210 598 sententiae
245 536 375 596 Cartesii.
411 534 554 611 Supponis
589 535 664 593 enim
699 535 728 592 in
764 539 904 611 conceptu
926 539 971 592 *ut
1005 538 1128 592 eertum·

55 619 200 677 libertatis
231 617 384 675 essentiam
413 617 444 674 in
465 636 499 674 eo
520 616 685 686 consistere,
708 616 784 691 quod
805 636 823 673 a
842 616 922 673 nulla
943 635 974 673 re
995 615 1127 680 determi,

57 719 170 758 namur.
192 700 256 756 Hoc
277 696 318 755 sio
338 697 442 772 posite,
464 701 619 771 utrumque
639 716 741 754 verum
762 695 826 754 erit.
844 696 1051 769 Veruntamen,
1063 715 1128 753 eum

55 779 184 838 essentia
216 778 369 852 cujuslibet
401 777 443 835 rei
473 777 503 834 in
537 795 570 834 eo
602 776 750 846 consistat,
784 776 847 834 sine
879 795 935 851 quo
956 795 992 833 ne
1014 775 1126 850 quidem

55 859 168 935 eonoipi
201 858 301 934 possit,
338 863 367 915 et
401 858 478 915 clare
512 877 581 914 sane
616 856 796 932 concipiatur
828 856 957 925 libertas,
988 855 1056 913 lieet
1090 859 1128 914 ab

55 939 185 998 externis
216 938 310 996 causis
338 938 368 995 in
398 937 506 995 nostris
535 937 696 995 actionibus
716 937 753 995 ad
774 936 882 1011 aliquid
903 936 1127 994 determinemur

54 1019 136 1096 (sive,
168 1019 235 1079 lieet
256 1038 369 1094 semper
390 1038 485 1076 oausae
508 1017 575 1088 sint,
598 1037 662 1092 quae
683 1017 870 1075 incitamento
892 1016 1073 1086 nobiseum,
1095 1020 1130 1074 ut

55 1099 184 1159 actiones
205 1104 321 1156 nostras
341 1098 392 1156 tali
412 1099 497 1156 modo
518 1098 685 1171 dirigamus,
707 1117 771 1155 eum
793 1101 891 1154 tamen
911 1097 940 1154 id
961 1096 1047 1171 plane
1070 1116 1129 1154 non

54 1180 203 1252 efficiant),
226 1199 326 1237 verum
348 1179 520 1249 nullatenus
546 1178 640 1253 posito
664 1178 740 1252 quod
761 1196 899 1251 cogamur
912 1179 938 1234 ἥ.
960 1176 1033 1234 Vide
1055 1197 1129 1251 prae-

53 1265 136 1318 terea
167 1259 289 1318 Cartesii
320 1259 343 1318 l.
376 1260 456 1316 Tom.
480 1258 571 1333 Epist.
594 1259 621 1317 8.
644 1263 674 1316 et
694 1259 732 1327 9.,
753 1257 824 1314 iem
844 1257 883 1315 Π.
905 1258 985 1314 Tem.
1007 1276 1074 1331 pag.
1098 1259 1130 1315 4.

55 1341 112 1400 Sed
134 1341 196 1398 heeo
218 1339 371 1399 sufficiant.
394 1340 485 1413 Rogo,
507 1343 539 1396 ut
560 1339 597 1396 ad
615 1339 669 1396 has
680 1338 864 1396 difficultates
875 1337 1058 1411 respondeas
1071 1340 1127 1394 ete.

88 1447 109 1492 8.
127 1447 217 1492 Oetob.
237 1446 304 1491 1674.

313 1739 337 1796 Ε
349 1759 388 1796 Pl
400 1758 414 1796 s
425 1759 442 1796 r
454 1759 470 1796 o
482 1759 499 1796 n
509 1758 530 1796 a
562 1739 662 1797 LVIII
693 1740 771 1813 (orm
787 1740 863 1813 exn).

297 1873 366 1931 Viro
386 1873 556 1930 Doeiisse'neo
577 1879 661 1948 otqne
681 1873 890 1948 Expertisneno

401 2003 436 2063 G.
458 2003 495 2064 H.
518 2004 789 2064 seHULLnR

524 2140 557 2199 B.
580 2159 608 2198 n.
632 2140 660 2197 S.
746 2153 752 2164 ·

346 2362 349 2367 γ
367 2275 521 2350 Responsio
542 2275 582 2332 ad
597 2275 811 2349 proeeedeniem.

138 2409 343 2483 Expertissime
363 2409 493 2480 Domine,

97 2539 178 2598 Misit
199 2539 268 2598 mihi
288 2539 396 2599 amicus
416 2545 516 2599 noster
536 2541 565 2600 J.
579 2542 621 2598 a.
634 2543 667 2577 *ὓ
677 2539 785 2610 literas,
801 2559 874 2615 quas
885 2539 921 2597 ad
932 2559 977 2597 me
989 2539 1127 2614 dignatus

56 2640 88 2678 es
118 2621 253 2691 seribere,
284 2640 341 2678 una
370 2641 434 2679 oum
455 2620 562 2696 judicio
583 2621 627 2679 tui
647 2619 732 2679 amici
752 2621 787 2678 de
809 2638 873 2677 mea
894 2624 923 2677 et
944 2618 1067 2678 Cartesii
1089 2619 1125 2678 de

55 2701 147 2759 libero
177 2700 297 2759 arbitrio
328 2700 487 2774 sententia3
519 2721 585 2777 quoe
616 2701 687 2759 mihi
719 2699 883 2776 gratissima
913 2701 1039 2760 fuerunt.
1073 2700 1120 2771 Et,

57 2781 188 2855 quamvis
209 2781 240 2839 in
260 2781 425 2857 praesentia,
447 2786 640 2858 praeterquam
662 2782 738 2856 quod
759 2779 955 2839 valetudinem
976 2780 1121 2839 nonsatis

56 2862 168 2919 firmam
198 2862 329 2933 habeam,
361 2861 425 2920 aliis
454 2864 541 2920 rebus
571 2862 723 2920 admodum
757 2861 913 2931 distrahar,
945 2865 1044 2919 tamen
1075 2860 1122 2918 vel

57 2940 212 3017 singularis
232 2947 284 3000 tua
305 2941 478 3013 humanitas,
492 2942 540 3000 vel
554 2943 630 3017 quod
641 2960 695 3016 ego
705 2941 884 3017 praecipuum
895 2945 974 3015 puto,
987 2940 1122 2998 veritatis

88 3145 100 3171 *
125 3147 212 3192 Oratio
236 3159 327 3205 parum
352 3147 479 3205 expedita.
503 3146 601 3204 Quippe
619 3146 715 3190 omissa
731 3148 771 3190 est
787 3147 922 3203 protaseos
938 3157 992 3188 eum
1008 3144 1122 3199 essentia,

56 3213 107 3264 ete,
132 3209 259 3267 apodosis,
285 3222 335 3267 qua
359 3209 468 3254 Gartesii
491 3209 626 3263 sententia,
643 3211 672 3253 ut
688 3207 764 3253 modo
781 3208 885 3262 foetum,
901 3205 1004 3264 probari
1022 3205 1121 3250 debeat.

57 3270 153 3324 Quodsi
179 3271 303 3329 apoduein
328 3284 343 3316 a
367 3271 452 3316 verbis
476 3275 499 3316 et
523 3271 590 3316 clare
606 3283 666 3317 earne
682 3270 827 3315 inchoatam
844 3282 977 3327 ponamus,
993 3265 1083 3313 voculd
1100 3273 1123 3312 et

55 3347 102 3392 pro
120 3333 239 3379 adverbio
255 3332 352 3389 habite,
369 3346 420 3378 non
437 3333 520 3378 solum
531 3333 637 3378 verbum
649 3332 838 3390 concipieturin
848 3332 963 3377 futurum
972 3330 1123 3387 coneneietur

56 3396 206 3441 mutandum
231 3397 287 3452 erit,
313 3396 359 3441 sed
383 3395 560 3454 imperfectum
585 3396 700 3440 manebit
715 3395 799 3453 ipsum
816 3393 986 3440 ratiocinium.
1003 3418 1032 3425 -
1050 3392 1123 3438 Vers.

56 3458 128 3516 Belg.
152 3459 230 3504 verba
256 3459 287 3503 ad
308 3458 409 3503 literam
432 3458 518 3503 reddit
543 3457 628 3514 (Maon
650 3457 860 3513 dewe'q'l...manr
873 3456 996 3513 mansino,
1013 3455 1052 3500 alr
1068 3468 1123 3499 men

55 3521 175 3576 atelt...).
202 3546 231 3553 -
255 3520 402 3566 Auerbaoh:
427 3533 480 3565 nun
504 3519 592 3565 bembi
618 3519 676 3565 ader
696 3519 756 3565 doeh
772 3519 811 3564 die
830 3517 1073 3564 Wesenheit...diee
1089 3518 1124 3561 iet

56 3581 114 3629 aber
130 3583 278 3640 leee'neaweqe
294 3583 338 3628 der
355 3583 423 3638 Fare,
439 3596 508 3627 wenn
525 3596 583 3627 men
600 3583 728 3638 annirnmi,
739 3582 799 3627 daeo
809 3596 833 3627 u.
845 3594 865 3626 a.
877 3580 1123 3626 tea—Kirehmann:

56 3645 120 3691 denn
136 3645 182 3690 dne
202 3645 287 3690 Weeen
297 3645 370 3702 Jeder
386 3645 463 3690 Sarte
479 3644 582 3690 besteht.
592 3678 598 3690 .
609 3677 614 3688 .
624 3644 688 3689 denn
703 3645 792 3689 immer
806 3645 840 3689 a'et
856 3643 935 3688 demit
950 3643 1018 3689 ne'eht
1028 3647 1123 3699 posent,

56 3707 116 3752 deae
136 3709 184 3752 wir
204 3722 352 3766 neereeenpen
368 3707 471 3752 werden.
488 3707 522 3752 nt
537 3707 616 3753 verba
632 3707 688 3764 eius
705 3707 838 3753 sententias
854 3718 908 3764 quae
924 3706 990 3751 hano
1007 3704 1122 3763 proxime

55 3771 184 3828 praeeedit,
206 3775 235 3815 ut
251 3770 351 3825 certene,
368 3770 454 3815 reddit
469 3783 515 3828 per
531 3783 584 3815 wne
600 3769 658 3815 sehr
673 3769 766 3826 nichita
781 3770 815 3816 iat
832 3768 946 3826 (Ληθὼ
963 3768 1003 3813 elo
1017 3767 1123 3823 penius).

87 3832 112 3858 **
129 3833 178 3879 Jan
195 3833 344 3888 Rieuwortz,
361 3832 502 3891 bibliopola
517 3832 770 3878 Amstelodamensis.
