2662 4298
552 374 692 413 rrrsronn
714 376 767 416 vn.
1136 359 1194 416 219

126 540 215 614 digna
245 545 339 600 erunt.
372 541 516 600 Praedicta
548 541 655 618 quippe
676 543 805 601 Societas
824 543 990 602 institutum
1012 563 1095 602 suum
1116 564 1193 604 nuno

127 621 222 678 acrius
243 621 366 695 urgebit,
389 626 419 680 et
440 622 547 692 forsan,
570 623 722 681 dummodo
744 624 808 682 Pax
828 623 858 681 in
879 623 958 682 hisee
972 625 1030 682 oris
1044 628 1193 700 perennet,

126 701 342 776 Rempublioam
384 702 557 761 Literariam
587 722 645 761 non
677 703 839 778 vulgariter
870 703 994 764 ornabit.
1026 704 1108 776 Vale,
1141 703 1195 762 Vir

127 781 240 853 eximie,
263 801 366 857 meque
387 783 471 840 crede
943 807 946 812 ·

546 891 601 949 roi
622 892 870 950 *studiosissimum
891 900 915 950 et
936 895 1155 950 Amicissimum

699 998 796 1056 Horu.
819 997 1009 1057 Onorrauuo.

161 1101 246 1159 [Anat
263 1106 292 1147 nt
308 1102 419 1162 videtur,
436 1101 513 1160 1662]

393 1502 416 1559 Ε
431 1521 449 1559 Ρ
462 1521 474 1559 1
489 1522 503 1559 s
518 1522 535 1559 r
549 1521 566 1560 ο
582 1522 599 1561 L
613 1523 633 1561 A
655 1503 729 1561 VIII
751 1505 828 1578 (omn
843 1507 927 1578 xxm).

533 1635 702 1695 Clarissimo
728 1638 796 1696 Viro

596 1769 630 1828 B.
652 1790 679 1830 o.
701 1770 729 1830 S.

437 1901 595 1961 SIMON
628 1904 690 1961 Du
721 1903 887 1963 VRIES.

216 2033 254 2077 Ex
272 2035 439 2092 autographo,
456 2035 525 2094 qnod
542 2039 582 2081 est
599 2037 667 2095 apud
683 2037 825 2081 Ecclesiam
842 2036 1104 2095 Teleiobaptistarum

526 2098 799 2144 Amstelodamensem.

289 2212 389 2271 Amice
410 2214 603 2288 receperim,

169 2346 344 2403 ,Iamdudum
376 2345 515 2420 exoptavi
542 2345 594 2404 tibi
616 2346 729 2419 [semel]
744 2349 760 2382 *
781 2345 891 2417 adesse,
914 2347 963 2404 sed
985 2351 1099 2422 tempus
1119 2366 1198 2422 mag·

128 2445 223 2500 naque
256 2427 357 2501 hyems
387 2446 446 2484 non
477 2425 549 2484 satis
576 2425 646 2484 mihi
667 2425 792 2502 propitia
812 2427 938 2485 fuerunt.
963 2426 1140 2502 [Aliquando
1162 2428 1198 2485 de

128 2512 206 2563 sorte
233 2525 297 2564 mea
318 2526 431 2581 queror,
454 2507 530 2582 quod
552 2506 636 2565 nobis
656 2506 809 2565 intercedit
829 2506 964 2582 spatium,
987 2508 1063 2582 quod
1085 2527 1139 2566 nos
1160 2510 1197 2573 ab

127 2586 251 2644 invicem
282 2589 342 2644 tam
372 2587 459 2661 longe
486 2585 596 2647 dividit.
619 2587 712 2659 Felix,
732 2587 790 2645 imo
807 2587 992 2663 ,felicissimus
1013 2593 1080 2646 tuus
1101 2587 1198 2646 socius

128 2666 277 2724 casuarius
308 2667 362 2724 sub
393 2667 493 2725 eodem
523 2671 600 2726 teoto
631 2664 804 2738 remorans,
820 2668 870 2743 qui
890 2667 967 2726 inter
987 2669 1195 2744 prandendum,

129 2747 310 2818 eoenandum,
343 2747 605 2823 ambulandumque
633 2753 728 2806 tecum
750 2747 865 2824 optimis
886 2749 921 2807 de
942 2751 1029 2807 rebus
1049 2768 1197 2807 sermones

128 2828 236 2884 habere
264 2830 384 2901 potest]
406 2827 545 2897 Quamvis
566 2832 661 2886 autem
683 2847 806 2903 corpora
827 2830 863 2886 ab
883 2829 1007 2887 invicem
1028 2833 1088 2887 tam
1109 2829 1197 2904 longe

129 2906 221 2964 divisa
259 2907 326 2977 sint,
365 2907 460 2965 animo
495 2912 593 2966 tamen
623 2908 782 2983 saepissime
813 2928 943 2984 praesens
974 2909 1092 2968 adfuisti
1123 2928 1196 2980 meo,

129 2987 292 3061 praesertim
312 2987 371 3045 tuis
391 2987 422 3044 in
443 2987 558 3063 seriptis
579 3008 643 3046 eum
665 3007 776 3063 versor,
799 2988 989 3065 manibusque
1011 2991 1070 3064 [ea]
1092 2994 1196 3047 tracto.

132 3067 186 3125 Sed
208 3087 272 3124 oum
287 3067 370 3125 nobis
384 3067 503 3142 collegis
514 3070 547 3104 **
561 3087 620 3126 non
634 3066 729 3126 omnia
744 3067 815 3126 satis
829 3069 907 3127 alara
918 3075 1080 3145 appareant
1092 3069 1196 3143 [(ideo-

131 3167 187 3222 que
208 3146 313 3205 iterum
334 3147 447 3222 collegii
467 3147 580 3205 initium
602 3148 756 3222 feoimusll
778 3167 872 3224 neque
889 3168 935 3206 me
950 3148 992 3207 tui
1003 3149 1197 3208 immemorem

132 3247 195 3285 esse
215 3231 309 3302 putee,
331 3227 457 3285 animum
478 3228 514 3286 ad
536 3229 622 3286 hasce
642 3229 756 3287 litteras
777 3228 943 3287 scribendas
965 3229 1071 3305 appuli.

170 3307 342 3382 [Collegium
363 3308 438 3382 quod
459 3308 573 3380 attinet,
596 3328 629 3366 eo
650 3307 813 3367 instituitur
833 3309 933 3367 modo:
954 3310 1037 3368 Unus
1058 3309 1120 3382 (sed
1135 3328 1196 3367 suae
1275 3357 1277 3361 ,

130 3388 231 3462 cuique
252 3387 340 3458 vices)
363 3387 495 3464 perlegit,
518 3409 569 3464 pro
582 3409 633 3447 suo
646 3392 788 3464 conceptu
799 3388 932 3464 explieat,
947 3409 1090 3465 porroque
1102 3389 1198 3449 omnia

164 3594 174 3612 ³
207 3593 264 3646 Qua
282 3593 307 3637 in
324 3593 370 3638 Ed.
387 3593 428 3639 Pr.
445 3593 541 3639 omissa
558 3596 625 3651 sunt,
641 3593 789 3651 hujusmodi
806 3593 907 3640 uncinis
924 3594 1083 3640 inclusimus.
1100 3595 1133 3641 Et
1150 3596 1201 3644 alia

133 3656 278 3711 elegantius
295 3655 436 3714 exprimere
453 3657 538 3701 conati
556 3659 617 3701 sunt
632 3658 733 3702 veteres
750 3656 871 3713 editores,
887 3669 949 3715 quae,
966 3657 1010 3702 ubi
1027 3658 1097 3717 ipsas
1111 3658 1201 3704 literas

135 3718 166 3762 ad
185 3718 321 3776 Spinozam
338 3719 431 3763 missas
448 3718 580 3774 habemns,
597 3731 730 3764 recensere
747 3718 811 3764 nihil
828 3719 963 3766 referebat.

164 3779 191 3885 *ἶ
206 3780 252 3824 Ed.
277 3780 331 3825 Pr.:
355 3781 423 3826 mihi.
441 3781 471 3826 In
489 3794 519 3826 ea
536 3781 638 3839 collegii
655 3781 751 3827 mentio
768 3782 906 3839 omittitur,
923 3787 949 3828 et
966 3784 997 3828 de
1014 3781 1090 3829 unius
1107 3783 1199 3829 Vriesii

132 3846 185 3886 stu(
195 3843 226 3887 iis
244 3856 326 3887 sermo
344 3846 391 3888 est.
