2662 4298
372 358 692 399 mmmmm-romaici
713 358 776 401 car.
800 358 840 400 vr.
1107 343 1145 404 35
1247 402 1250 406 ,

68 531 173 590 eadem
194 527 282 588 etiam
303 527 339 585 de
359 546 447 586 causa
468 526 564 586 omnia
582 528 619 586 ad
633 529 727 586 Deum
741 528 915 600 referebant,
931 533 961 588 ct
974 528 1038 588 ideo
1053 530 1146 606 Scrip-

71 615 140 670 tura
171 608 244 668 nihil
274 606 329 666 nisi
360 606 501 666 miracula
521 627 642 667 narrare
662 608 787 678 videtur,
809 608 896 684 idque
917 629 982 667 cum
1003 610 1039 669 dc
1059 612 1147 671 rebus

73 689 201 750 maximo
231 686 413 746 naturalibus
443 687 586 763 loquitur3
620 688 702 764 cujus
733 688 775 747 rei
804 689 936 764 exempla
957 689 1068 766 aliquot
1085 691 1147 766 jam

69 790 162 847 supra
183 768 342 829 retulimus,
373 767 469 837 Quare
489 769 672 840 credendum,
695 788 760 827 cum
781 768 932 844 Scriptura
953 769 1030 842 dicit,
1052 771 1146 830 Deum

69 871 123 911 cor
153 847 316 910 Pharaonis
345 846 538 920 induravisse,
571 848 644 906 nihil
671 848 749 907 aliud
778 854 840 908 tum
867 849 1035 926 significari,
1059 871 1145 927 quam

74 931 151 1008 quod
182 931 299 990 Pharao
329 927 386 986 fuit
417 933 583 988 contumax.
611 929 735 988 Etcum
755 929 868 1002 dicitur,
889 931 982 989 Deum
1003 931 1146 991 fenestras

67 1011 137 1071 cccli
168 1009 289 1086 aperire,
320 1007 393 1067 nihil
425 1008 503 1067 aliud
535 1008 690 1084 significat,
722 1028 808 1085 quam
840 1010 917 1085 quod
947 1011 1039 1069 multa
1071 1032 1147 1087 aqua

70 1090 193 1168 pluerit3
225 1094 256 1149 ct
284 1088 326 1147 sic
356 1087 422 1148 alia.
451 1089 498 1147 Ad
526 1089 591 1148 haec
610 1088 710 1164 igitur,
731 1094 762 1148 ct
782 1090 859 1165 quod
879 1091 971 1149 multa
991 1091 1145 1151 admodum

71 1171 211 1247 breviter,
233 1169 296 1228 sine
316 1168 382 1228 ullis
403 1168 637 1241 circumstantiis,
658 1174 689 1228 et
709 1169 770 1229 fere
790 1170 922 1229 mutilate
939 1176 1105 1245 narrentur,
1121 1172 1147 1231 si

67 1251 136 1328 quis
166 1252 257 1327 probe
288 1248 455 1320 attenderit,
487 1249 559 1308 nihil
589 1250 651 1308 fera
682 1249 713 1309 in
741 1249 891 1326 Scriptura
911 1250 1045 1326 reperiet,
1068 1253 1145 1327 quod

69 1332 164 1410 possit
185 1328 377 1390 demonstrari
397 1329 512 1388 Lumini
533 1329 653 1388 Naturae
674 1349 847 1406 repugnare,
869 1335 899 1389 et
920 1335 1022 1390 contra
1042 1334 1142 1403 multa,

69 1432 136 1488 quaa
169 1410 372 1471 obscurissima
402 1408 466 1468 risa
497 1413 574 1481 sunt,
603 1409 738 1469 mediocri
765 1410 953 1470 meditatione
981 1411 1145 1488 intelligere

70 1492 182 1571 poterit
201 1496 232 1551 ct
251 1489 336 1550 facilc
355 1489 555 1565 interpretari.

110 1573 210 1648 Atque
230 1571 277 1630 his
297 1570 440 1641 existimo,
461 1589 508 1629 me
523 1570 562 1641 id,
578 1570 654 1645 quod
667 1569 858 1642 intenderam,
874 1570 946 1630 satis
960 1572 1036 1630 clare
1050 1576 1145 1632 osten·

68 1653 157 1712 disse.
188 1653 338 1724 Attamen,
367 1654 523 1725 antequam
543 1650 611 1709 huic
631 1650 727 1726 capiti
747 1651 834 1709 finem
855 1652 928 1722 dem,
951 1651 1030 1710 aliud
1050 1653 1145 1712 adhuc

70 1737 174 1804 restat,
196 1733 271 1808 quod
293 1730 340 1790 hic
360 1750 478 1789 monere
499 1731 580 1802 volo;
602 1750 714 1807 nempe,
736 1751 781 1789 me
803 1730 860 1790 aha
875 1751 995 1807 prorsus
1009 1733 1145 1793 methodo

71 1813 120 1873 hic
140 1812 219 1872 circa
238 1811 378 1870 miracula
398 1810 582 1886 processisse,
605 1830 691 1887 quam
713 1810 790 1870 circa
811 1812 1007 1888 Prophetiam.
1023 1813 1066 1872 Dc
1080 1833 1144 1889 pro·

69 1893 174 1970 phetia
194 1892 270 1952 enim
291 1891 363 1950 nihil
385 1890 536 1965 affirmavi,
559 1890 615 1949 nisi
635 1892 711 1966 quod
732 1910 770 1950 ex
790 1892 987 1951 fundamentis
1004 1892 1035 1950 in
1049 1893 1146 1953 Sacris

71 1973 181 2034 Litoris
202 1971 339 2032 revelatis
360 1971 530 2030 concludere
550 1971 640 2048 potui,
662 1975 694 2030 at
712 1971 759 2030 hic
772 1972 920 2048 praecipua
934 1992 972 2031 ex
985 1973 1054 2032 solis
1068 1973 1146 2049 prin·

69 2053 154 2131 cipiis
185 2052 306 2113 Lumine
337 2051 472 2111 Naturali
503 2051 580 2110 notis
600 2051 699 2124 elicui;
722 2053 799 2129 quod
820 2052 908 2111 etiam
928 2054 1060 2112 consulto
1080 2053 1144 2126 feci,

71 2134 142 2211 quia
164 2134 200 2192 de
213 2132 375 2212 prophetia,
391 2131 622 2207 quandoquidem
635 2132 699 2208 ipsa
713 2137 830 2208 captum
844 2133 1002 2192 humanum
1016 2139 1144 2209 superat,

71 2219 103 2274 et
134 2213 258 2290 quaestio
289 2231 367 2271 more
399 2211 573 2287 Theologica
600 2216 653 2282 est,
676 2212 748 2271 nihil
769 2213 921 2284 affirmare,
944 2232 1037 2287 neque
1058 2213 1143 2272 etiarn

69 2295 148 2354 scire
178 2299 319 2370 poteram,
340 2291 371 2350 in
392 2312 448 2367 quo
469 2292 532 2367 ipsa
552 2292 733 2368 potissimum
754 2292 925 2358 constiterit.
948 2292 1003 2351 nisi
1025 2313 1062 2350 cx
1081 2294 1144 2352 fun-

71 2375 219 2434 damentis
249 2372 402 2445 revelatis;
424 2376 512 2447 atque
533 2374 604 2432 adeo
626 2377 744 2431 coactus
763 2377 826 2431 tum
846 2372 888 2431 fui
910 2372 1060 2433 historiam
1080 2393 1145 2449 pro·

71 2455 181 2532 phetiae
202 2453 386 2523 concinnare,
409 2457 439 2511 et
459 2473 497 2510 ex
517 2472 552 2511 ea
572 2454 706 2529 quaedam
720 2454 857 2528 dogmata
870 2454 1004 2525 formare,
1019 2473 1085 2530 quae
1099 2474 1146 2512 me

72 2540 209 2596 naturam
239 2533 410 2611 prophetiae,
442 2533 563 2609 ejusque
594 2533 795 2609 proprietates
829 2535 922 2609 quoad
950 2533 1012 2593 fieri
1040 2539 1145 2610 potest,

71 2617 220 2676 docerent.
242 2616 284 2674 At
297 2613 345 2673 hic
359 2613 436 2673 circa
449 2613 597 2684 miracula,
613 2613 681 2689 quia
693 2613 732 2683 id,
748 2614 824 2690 quod
837 2613 1008 2690 inquirimus
1023 2613 1144 2691 (nempe,

70 2716 112 2756 an
133 2695 292 2754 concedere
312 2713 473 2770 possumus,
496 2693 602 2769 aliquid
617 2693 648 2752 in
661 2693 781 2753 Naturae
797 2695 974 2770 contingere,
991 2695 1068 2770 quod
1082 2697 1146 2770 ejus

73 2774 188 2852 legibus
208 2779 361 2851 repugnet,
383 2779 434 2832 aut
456 2774 530 2848 quod
552 2773 646 2832 exiis
667 2794 726 2832 non
746 2780 845 2850 posset
865 2775 958 2850 sequi)
972 2775 1146 2851 philosophi·

71 2876 140 2916 cum
161 2856 248 2932 plane
268 2859 322 2927 est,
337 2855 415 2913 nullo
431 2853 516 2912 simili
528 2853 710 2928 indigebam3
731 2855 789 2913 imo
803 2856 962 2914 consultius
976 2855 1055 2927 duxi,
1070 2856 1147 2915 hano

71 2936 266 3013 quaestionem
297 2955 334 2993 ex
364 2934 560 2993 fundamentis
590 2933 712 2994 Lumine
739 2935 872 2994 Naturali
901 2935 1024 3011 cognitis
1046 2941 1156 3011 utpote-

72 3016 200 3076 maxime
230 3016 308 3074 notis
339 3015 473 3073 enodare.
505 3014 586 3085 Dico,
614 3034 660 3072 me
687 3014 716 3073 id
745 3015 903 3075 consultius
924 3015 1056 3087 duxissc;
1078 3035 1146 3074 nam

71 3117 138 3157 eam
160 3096 248 3155 etiam
268 3114 306 3153 ex
327 3094 395 3153 solis
417 3094 573 3170 Scriptura
595 3095 779 3169 dogmatibus
799 3101 829 3154 et
848 3096 1044 3154 fundamentis
1062 3095 1147 3154 facile

72 3178 188 3236 solvere
208 3180 375 3252 potueram3
398 3175 482 3250 quod,
505 3179 538 3232 ut
559 3174 712 3250 unicuique
733 3181 841 3252 pateat,
863 3176 910 3234 hic
930 3175 1031 3252 paucis
1052 3181 1146 3234 osten·

71 3258 150 3317 dam.
183 3255 334 3332 Scriptura
364 3256 400 3314 de
420 3255 532 3313 Natura
553 3254 582 3312 in
606 3275 712 3330 genere
732 3255 903 3331 quibusdam
925 3256 956 3314 in
975 3256 1046 3314 locis
1067 3256 1146 3313 affir-

73 3341 143 3410 mat,
177 3357 241 3395 eam
271 3337 363 3394 fixum
395 3339 481 3410 atque
512 3334 719 3394 immutabilem
750 3336 878 3394 ordinem
907 3355 1041 3404 servare;
1063 3334 1147 3394 utin

73 3418 151 3478 Psal.
175 3417 243 3477 148.
264 3436 340 3476 vers.
363 3417 390 3474 6.
413 3421 442 3473 et
463 3417 569 3474 leram.
592 3435 655 3490 cap.
671 3417 719 3474 31.
734 3435 810 3474 vers.
826 3417 873 3486 35,
890 3417 937 3473 36.
953 3414 1146 3490 Philosophus

72 3503 219 3576 practerea
244 3495 276 3556 in
303 3516 355 3555 suo
376 3496 452 3566 Eccl.
475 3515 539 3570 cap.
563 3499 588 3555 1.
610 3515 687 3555 vers,
711 3498 757 3555 10.
781 3495 938 3554 clarissime
959 3496 1051 3567 docet,
1073 3495 1146 3554 nihil

73 3577 144 3638 novi
161 3577 196 3645 in
215 3576 328 3636 Natura
349 3575 533 3650 contingere;
556 3580 585 3633 et
607 3595 680 3634 vers.
706 3578 752 3647 11,
776 3577 822 3636 12.
837 3577 893 3635 hoc
906 3576 982 3635 idem
996 3575 1146 3635 illustrans

72 3658 125 3730 ait,
157 3658 243 3734 quod,
275 3655 407 3733 quamvis
438 3656 592 3731 aliquando
624 3655 730 3730 aliquid
759 3655 919 3733 contingat,
942 3658 1017 3733 quod
1039 3676 1146 3716 novum

73 3738 199 3812 videtur,
230 3737 260 3796 id
291 3742 391 3796 tamen
421 3756 529 3795 novum
559 3756 618 3794 non
640 3740 692 3806 est,
714 3736 764 3793 sed
785 3736 816 3793 in
837 3737 950 3809 seculis
973 3757 1037 3813 quae
1060 3742 1147 3795 antea

71 3819 193 3879 fuerunt
224 3824 254 3877 ct
281 3837 403 3894 quorum
430 3817 510 3875 nulla
537 3821 583 3874 est
602 3814 748 3886 memoria,
771 3817 909 3892 contigit3
932 3837 1008 3890 nam,
1031 3822 1063 3876 ut
1083 3816 1146 3892 ipse
