2662 4298
563 362 702 401 semrom
722 362 752 401 v.
1132 342 1192 399 203

124 549 180 598 rea,
211 528 342 587 homines
369 549 426 587 non
448 529 549 601 creari,
572 530 622 588 sed
643 534 757 588 tantum
779 530 923 605 generari,
946 534 975 588 et
996 530 1072 604 quod
1093 549 1193 588 sorum

123 629 245 684 corpora
275 610 335 684 jam
369 614 455 668 antea
486 609 659 680 existebant,
693 609 825 685 quamvis
856 610 912 668 alio
942 611 1026 668 modo
1056 611 1193 668 formata.

124 692 232 748 Verum
253 690 308 747 hoc
329 690 518 761 concluditur,
534 691 610 766 quod
624 690 748 749 libenter
762 690 849 749 etiam
864 691 966 764 fateor,
982 689 1091 748 scilicet
1105 690 1191 765 quod,

124 770 148 829 si
176 790 234 828 una
262 790 333 845 pars
359 769 490 828 materiae
512 770 733 841 annihilaretur,
755 770 839 829 simul
861 770 947 829 etiam
969 774 1031 828 tota
1052 768 1192 828 Extensio

124 855 319 908 evanesceret.
350 850 481 908 Secunda
508 855 605 908 autern
626 851 789 926 Propositio
810 871 869 909 non
890 851 995 908 multos
1015 851 1093 908 Deos
1112 849 1193 921 facit,

124 931 173 988 sed
195 935 310 988 tantum
333 950 429 1003 unum,
451 929 560 989 scilicet
581 935 762 989 constantem
783 930 903 989 infinitis
925 929 1082 1002 attributis
1104 934 1159 988 etc.

516 1214 734 1272 Errsroaa
766 1215 802 1271 V.

531 1346 697 1404 Clarissimo
725 1347 795 1406 Viro

587 1472 621 1529 B.
643 1491 671 1529 n.
694 1471 722 1529 S.
795 1526 798 1530 ,

327 1597 571 1657 HENRIOUS
599 1596 986 1656 OLDENBURGIUS.

434 1722 589 1796 Responsio
610 1723 650 1779 ud
666 1723 883 1796 precedentes.

245 1857 343 1913 clinice
359 1856 525 1930 plurimum
546 1856 665 1926 colende,

165 1961 316 2033 Libellum,
344 1981 428 2037 quem
448 1962 647 2037 promiseram,
669 1981 706 2020 en
726 1961 833 2037 accipe,
854 1961 981 2037 mihique
1001 1965 1083 2020 tuum
1105 1962 1141 2020 de
1162 1980 1198 2019 eo

123 2041 272 2117 judicium,
294 2041 433 2118 imprimis
455 2041 596 2113 circaea,
618 2062 683 2118 quae
705 2044 740 2100 de
762 2041 854 2112 Nitro,
876 2042 969 2117 deque
989 2041 1147 2099 Fluiditate
1163 2061 1198 2099 ac

126 2122 316 2180 Firmitudine
345 2122 447 2181 inserit
475 2122 645 2198 Specimina,
675 2121 809 2181 rescribe.
837 2121 954 2180 Gratias
982 2120 1034 2180 tibi
1054 2121 1197 2180 maximas

126 2223 182 2277 ago
212 2222 264 2277 pro
293 2201 414 2261 eruditis
441 2202 499 2262 tuis
525 2201 617 2260 literis
638 2202 780 2272 secundia,
803 2221 874 2277 quas
895 2201 957 2259 heri
978 2201 1084 2276 accepi.
1106 2201 1198 2259 Doleo

126 2289 226 2341 tamen
254 2302 439 2358 magnopere,
469 2283 545 2358 quod
575 2282 632 2340 iter
657 2287 739 2340 tuum
760 2282 1038 2340 Amstelaedamenee
1060 2281 1195 2351 obfuerit,

126 2383 181 2438 quo
210 2362 305 2421 minus
336 2363 372 2421 ad
398 2362 494 2421 omnia
520 2382 585 2421 mea
614 2361 701 2420 dubia
722 2361 913 2438 responderis.
936 2361 1018 2430 Quod
1040 2366 1102 2419 turn
1123 2381 1196 2437 pree·

126 2442 301 2515 termissum,
324 2443 536 2519 quamprimum
557 2463 609 2518 per
630 2442 720 2502 otium
741 2441 864 2514 licuerit,
886 2441 1022 2517 expedias
1043 2461 1102 2500 ore.
1125 2441 1198 2500 Mul·

127 2530 188 2582 tum
217 2523 330 2599 quidem
351 2523 422 2581 mihi
441 2523 514 2582 lucis
534 2523 564 2581 in
585 2522 738 2598 posteriori
759 2524 814 2581 hac
835 2522 957 2598 epistola
978 2521 1114 2594 effudisti,
1137 2542 1195 2580 non

127 2610 226 2661 tamen
247 2609 371 2673 tantum,
393 2608 425 2661 ut
447 2623 560 2662 omnem
575 2603 728 2678 caliginem
743 2602 911 2679 dispulerit3
926 2603 1001 2678 quod
1016 2607 1087 2676 tum,
1103 2603 1198 2674 credo,

127 2686 177 2742 fiet
199 2684 329 2754 feliciter,
352 2684 467 2759 quando
489 2683 624 2742 distincte
645 2688 674 2742 et
695 2685 772 2742 clare
793 2684 829 2742 de
849 2703 920 2742 vera
940 2687 970 2742 et
990 2682 1084 2758 prima
1102 2703 1198 2741 rerum

127 2764 240 2838 origine
261 2784 307 2822 me
327 2763 510 2823 instruxeris.
533 2764 676 2833 Quamdiu
696 2764 772 2822 enim
787 2764 970 2839 perspicuum
985 2762 1055 2820 mihi
1069 2783 1127 2822 non
1143 2767 1198 2834 est,

127 2865 144 2902 a
172 2865 230 2919 qua
258 2865 354 2916 causa,
384 2850 414 2902 et
441 2844 592 2920 quomodo,
621 2864 668 2902 res
695 2844 836 2920 coeperint
855 2858 933 2915 'esea
956 2848 986 2902 et
1006 2863 1062 2919 quo
1083 2863 1161 2902 nexu
1182 2863 1201 2901 a

126 2924 220 3000 prima
248 2945 343 2995 causa,
374 2925 398 2982 si
428 2945 484 3000 qua
512 2924 579 2982 talis
607 2923 654 2995 sit,
677 2925 874 3000 dependeant;
896 2923 1002 2995 omnia,
1026 2943 1091 2998 qua>
1113 2922 1201 2982 audio

127 3025 248 3080 quaeque
276 3006 352 3079 lego,
382 3024 477 3080 scopae
505 3004 575 3062 mihi
604 3004 751 3063 dissolutae
773 3004 918 3063 videntur.
940 3005 984 3062 Tu
1005 3003 1105 3078 igitur,
1127 3005 1198 3061 Doc-

127 3085 237 3143 tissime
259 3085 390 3153 Domine,
412 3091 446 3143 ut
466 3086 559 3143 facem
580 3086 635 3143 hac
655 3085 686 3142 in
707 3105 739 3144 rs
759 3084 830 3142 mihi
850 3104 964 3160 praseae
978 3085 1005 3159 *,
1029 3083 1121 3160 deque
1135 3103 1201 3141 mea

128 3166 185 3223 fide
206 3170 236 3223 et
258 3165 435 3240 gratitudine
456 3185 514 3224 non
537 3165 661 3237 dubites
683 3165 768 3232 enixe
789 3184 870 3239 rogo,
892 3163 943 3240 qui
963 3183 1027 3222 sum

744 3264 807 3329 Tibi
827 3264 1042 3321 addictissimus

811 3344 908 3402 Hune.
931 3341 1122 3400 aneueuac.

318 3424 353 3482 11

169 3476 293 3534 Londini
319 3508 357 3580 ᾗ
382 3480 483 3538 Octob.
508 3482 594 3538 1661.

131 3757 212 3764 ...-

163 3831 176 3855 “
193 3830 326 3884 Fortasse;
342 3830 474 3887 prusenus.
