2662 4298
127 341 187 400 230
549 359 694 402 ,anemis
714 360 774 401 xn.

167 527 297 598 eraestio
319 528 354 585 de
375 527 494 587 Infinito
516 528 648 587 omnibus
668 546 787 603 semper
809 528 1017 609 difficillima,
1039 537 1115 597 imo'
1164 538 1169 549 '

125 608 226 667 cabilis
249 607 313 666 visa
334 607 399 679 fuit,
422 614 577 685 propterea
597 608 673 684 quod
693 626 752 665 non
776 607 1007 676 distinxerunt
1017 616 1130 691 interid,

126 697 179 748 sua
200 694 316 757 natura,
338 688 400 746 sive
421 687 451 746 vi
471 709 532 747 suoe
554 686 741 758 definitionis
762 690 918 765 aequitem
940 716 1013 756 esse
1032 698 1158 769 infinitus,

125 768 164 838 id,
197 768 273 842 quod
300 769 394 827 nullos
418 768 491 827 fines
512 770 609 840 habet,
630 788 689 827 non
710 766 829 843 quidem
852 772 890 831 vi
915 794 987 836 ense
1009 778 1177 851 musa

126 847 156 906 vi
186 868 247 906 sum
277 868 382 907 causus.
404 850 448 906 Ao
469 849 556 908 etiam
577 848 645 924 quia
665 867 724 907 non
745 846 970 917 distinxerunt
990 857 1073 919 inter
1089 860 1123 931 id,
1136 858 1177 937 pal
1208 908 1212 915 .

126 928 269 986 infinitum
301 928 415 998 dicitur,
446 928 513 1004 quia
540 930 635 988 nullos
661 929 751 987 habet
769 928 858 1003 fines,
884 940 923 993 et
944 936 991 1011 id,
1013 941 1097 1019 cnjus
1112 946 1178 1017 pala

126 1008 260 1084 quamvis
291 1009 353 1083 ojus
384 1009 542 1067 maximum
573 1013 604 1068 et
630 1008 779 1068 minimum
807 1010 1001 1089 habeamus,
1027 1021 1105 1080 nullo
1120 1026 1179 1081 tan

125 1108 244 1146 numero
277 1089 431 1164 adaequare
464 1093 494 1147 et
526 1089 671 1165 explicare
702 1108 871 1165 possamus.
908 1095 1057 1176 Denique
1076 1100 1181 1179 quiam

126 1169 323 1227 distinxerunt
355 1170 433 1227 inter
463 1169 501 1240 id,
534 1170 611 1246 quod
643 1168 821 1229 solummodo
855 1171 1053 1254 intelligere,
1074 1201 1127 1241 non
1141 1200 1181 1239 vu
1218 1176 1225 1183 “

126 1249 289 1325 imaginari,
312 1254 342 1307 et
361 1249 438 1307 inter
459 1249 497 1319 id,
520 1250 596 1325 quod
617 1250 703 1308 etiam
717 1248 879 1324 imaginari
893 1273 1076 1329 possumus.
1088 1263 1182 1331 Adia

126 1329 252 1406 inquam,
286 1329 310 1387 si
344 1330 545 1399 attendissent,
578 1349 726 1406 nunquam
755 1333 816 1388 tam
849 1331 984 1409 ingenti
1017 1342 1182 1402 uacuam

126 1413 212 1469 turba
247 1410 342 1468 obruti
373 1410 506 1468 fuissent.
538 1410 622 1468 Clare
653 1410 729 1468 enim
760 1412 822 1468 tum
860 1412 1103 1495 intellexissent,
1131 1420 1184 1499 qul

127 1491 275 1548 Infinitum
297 1491 328 1548 in
350 1491 443 1549 nullas
465 1495 564 1566 partes
578 1490 675 1561 dividi,
688 1508 738 1548 seu
747 1490 843 1548 nullas
854 1501 970 1567 partes
982 1501 1105 1575 habere,
1114 1508 1185 1580 potat

127 1570 211 1644 qualo
247 1590 315 1628 vero
350 1575 461 1642 contra,
497 1570 584 1646 idque
615 1570 677 1628 sine
711 1569 962 1637 contradictione.
1011 1582 1106 1643 Porro
1130 1582 1186 1642 ofin

127 1649 346 1721 intellexissent,
375 1651 459 1726 quale
483 1650 631 1709 Infinitum
653 1650 747 1725 majus
767 1649 825 1708 alio
845 1651 983 1717 Infinito
1007 1662 1076 1722 sine
1094 1662 1188 1723 ullaiu

125 1729 272 1805 plicantia,
306 1731 391 1805 (puolo
422 1751 491 1789 vero
523 1751 581 1789 non
613 1731 681 1789 item
709 1729 820 1806 concipi
840 1739 966 1809 potest3
993 1746 1079 1817 quod
1098 1764 1133 1803 ox
1146 1760 1188 1803 nor

126 1809 255 1868 dicendis
276 1811 352 1868 clare
373 1811 533 1886 apparebit.

166 1891 274 1948 Verum
285 1890 366 1966 prius
373 1892 436 1950 haeo
445 1897 570 1967 quatuor
577 1890 676 1968 paucis
684 1910 836 1966 exponam,
845 1890 996 1958 videlicet
1004 1902 1190 1973 eumenen

126 1971 254 2042 Modum,
286 1971 500 2043 AEtomitatem,
533 1976 562 2031 et
584 1971 781 2030 Durationem.
805 1971 878 2040 Quae
902 1976 991 2037 circa
1015 1982 1191 2045 Substantia

126 2052 305 2110 considerari
327 2052 422 2121 velim,
444 2056 521 2123 sunt,
543 2052 644 2128 primo,
668 2051 749 2121 Quod
771 2051 808 2109 ad
829 2052 894 2127 ejus
908 2063 1085 2123 essentiam
1094 2064 1193 2142 perlinat

126 2132 292 2203 existentia,
324 2133 379 2191 hoo
411 2136 465 2202 est,
499 2133 574 2207 quod
606 2152 643 2190 ex
668 2133 730 2190 sola
751 2132 812 2207 ejus
833 2136 969 2196 essentia
991 2148 1027 2200 et
1051 2144 1193 2205 definitione

127 2219 274 2289 sequatur,
306 2232 369 2270 eum
401 2212 539 2284 existere,
572 2213 656 2288 quod,
688 2212 743 2269 nisi
774 2231 819 2269 me
850 2232 916 2272 mea
955 2219 1042 2280 fallit
1071 2224 1194 2295 memoria

126 2296 250 2353 antehac
288 2293 339 2351 tibi
380 2293 449 2351 viva
480 2313 551 2351 voce
586 2295 693 2367 absque
724 2312 778 2368 ope
809 2291 934 2352 aliarum
971 2299 1196 2379 Propositionm

127 2373 333 2433 demonstravi.
367 2374 537 2442 Secundum,
570 2380 599 2432 et
630 2374 704 2448 quod
732 2393 768 2430 ex
789 2373 843 2430 hoc
863 2373 962 2448 primo
986 2385 1141 2459 sequitur,
1159 2389 1197 2452 cst,

126 2455 202 2529 qnod
235 2453 405 2511 Substantia
437 2474 495 2511 non
526 2454 686 2528 multiplex,
720 2454 768 2510 sed
795 2451 879 2510 unica
901 2455 1063 2522 duntaxat
1087 2467 1198 2542 ejusden

126 2538 238 2592 naturae
269 2532 387 2591 existat.
420 2533 551 2592 Tertium
581 2534 713 2609 denique,
736 2534 812 2608 quod
834 2534 927 2591 omnis
948 2536 1137 2605 Substantia
1156 2564 1199 2605 non

126 2612 181 2670 nisi
206 2612 319 2670 infinita
339 2612 431 2687 possit
451 2614 584 2689 intelligi.
608 2614 782 2672 Substantia
803 2633 872 2671 vero
893 2615 1091 2683 Affectiones
1112 2627 1200 2685 Modos

126 2712 207 2765 voco,
230 2713 351 2769 quorum
365 2693 502 2764 definitio,
515 2699 659 2769 quatenus
670 2714 728 2752 non
740 2700 784 2752 est
794 2693 857 2769 ipsa
869 2693 1056 2761 Substanuae
1069 2706 1201 2775 definitio,

126 2773 233 2832 nullam
243 2774 427 2833 existentiam
439 2774 588 2834 involvere
601 2780 704 2851 potest.
714 2775 905 2849 erapropter,
915 2781 1059 2849 quamvis
1068 2787 1202 2853 existant

127 2874 177 2912 eos
198 2859 230 2912 ut
251 2875 309 2913 non
330 2854 490 2913 existentes
511 2855 661 2930 concipere
681 2875 848 2930 possumus;
871 2874 908 2911 ex
929 2875 988 2930 quo
1004 2879 1102 2934 porro
1118 2866 1203 2943 sequi·

126 2939 184 3006 tur,
207 2955 268 3003 nos,
290 2936 339 2994 ubi
361 2936 397 2994 ad
418 2936 508 2994 solam
530 2937 678 2994 modorum
690 2935 853 3004 essentiam,
866 2954 924 2992 non
934 2955 1008 2994 vero
1021 2943 1061 3000 ad
1074 2947 1203 3005 ordinem

125 3015 216 3073 totius
247 3017 365 3076 Naturae
397 3016 581 3087 attendimus,
614 3036 672 3074 non
699 3036 784 3091 posse
804 3014 974 3074 concludere
995 3037 1035 3077 ex
1059 3042 1107 3099 eo,
1132 3027 1203 3103 quod

123 3096 182 3170 jam
215 3096 351 3165 existant,
383 3097 461 3172 ipsos
492 3101 593 3172 postea
624 3097 781 3154 exstituros
809 3100 859 3154 aut
880 3115 938 3152 non
959 3100 1139 3180 exstituros,
1162 3106 1204 3165 vel

125 3180 212 3233 antea
242 3177 388 3236 exstitisse
421 3182 472 3236 aut
503 3197 561 3235 non
595 3176 749 3235 exstitisse.
782 3176 866 3234 Unde
891 3175 968 3234 clare
989 3191 1132 3256 apparet,
1155 3207 1204 3245 nos

125 3255 308 3315 existentiam
318 3257 493 3316 Substantia
504 3262 566 3315 toto
580 3276 686 3331 genero
696 3278 714 3315 a
725 3257 876 3315 Medorum
888 3256 1044 3317 existentia
1053 3262 1204 3326 diversam

126 3335 285 3410 concipere.
307 3338 350 3395 Ex
371 3358 428 3413 quo
450 3337 544 3397 oritur
565 3337 728 3396 differentia
748 3337 824 3394 inter
845 3336 1052 3397 AEternitatem
1066 3345 1204 3405 etDura·

125 3414 248 3486 tionem;
280 3437 333 3492 per
364 3418 555 3477 Durationum
588 3417 663 3475 enim
695 3418 847 3475 Modorum
873 3421 988 3475 tantum
1010 3419 1203 3485 existentiam

126 3494 268 3568 explicare
289 3516 451 3571 possumus,
474 3497 649 3556 Substantia
671 3517 740 3555 vero
761 3517 813 3573 per
833 3497 1046 3567 AEternitatem,
1072 3503 1131 3562 hoc
1148 3513 1201 3577 est,

124 3573 269 3631 infinitam
290 3576 441 3646 existendi,
463 3579 534 3647 sive,
555 3577 648 3636 invita
668 3576 822 3646 latinitate,
844 3577 958 3635 essendi
978 3578 1161 3644 fruitionem.

166 3653 209 3710 Ex
241 3654 346 3728 quibus
367 3657 499 3716 omnibus
520 3657 597 3716 claro
618 3661 742 3727 constat,
764 3677 817 3714 nos
838 3659 989 3716 Medorum
1011 3659 1209 3726 existentiam·

125 3737 155 3791 et
175 3734 373 3804 Durationem,
395 3736 452 3806 ubi,
474 3743 507 3796 ut
528 3737 684 3813 saepissime
704 3737 746 3805 fit,
768 3738 805 3794 ad
816 3737 907 3796 solam
919 3758 1017 3796 eorum
1028 3744 1201 3817 essentiam,

125 3832 183 3872 non
203 3833 272 3872 vero
293 3814 330 3871 ad
351 3813 480 3873 ordinem
500 3817 619 3876 Naturae
642 3815 826 3885 attendimus
849 3819 885 3875 ad
899 3818 1010 3877 libitum
1023 3820 1198 3896 (etquidem
