2662 4298
552 361 692 399 EPISTOLA
713 361 793 399 LXIX.

493 525 709 585 Eprsrouu
742 527 844 584 LXIX.

515 662 639 718 Domino
660 661 831 718 Decit'ssimo

373 792 586 851 LAMBERTO
608 792 690 850 I'AN
713 792 972 851 VELTHUYSEN

604 926 637 984 B.
661 945 688 982 n.
711 925 739 983 S.

166 1059 206 1104 Ex
234 1059 346 1104 editione
371 1072 447 1116 quum
472 1073 504 1104 ex
522 1059 682 1118 autographo
700 1073 714 1104 a
732 1073 759 1103 so
777 1061 932 1117 comparato,
949 1058 1067 1116 quodque
1085 1072 1151 1103 nune
1169 1060 1209 1104 esi

131 1121 182 1166 Th.
206 1121 340 1178 Wageneri
363 1121 543 1177 Berolinensis,
561 1122 623 1166 fecii
639 1123 669 1166 H.
689 1122 726 1168 W.
743 1122 873 1179 Tydemun
890 1121 1022 1179 professor
1038 1121 1208 1178 Lugdunoba·

131 1186 210 1230 turus
227 1183 407 1242 (Utreohisehe
424 1184 621 1229 Volksalnrauuk
640 1184 717 1239 1844).

254 1302 494 1357 Praestantissime
519 1300 739 1375 Olorissz'meque
760 1301 894 1370 Domine,

174 1432 266 1491 Miror
287 1433 313 1491 N
315 1432 474 1491 eustadium
490 1436 505 1469 *
527 1437 658 1491 nostrum
680 1431 795 1504 dixisse,
808 1452 854 1490 me
865 1432 960 1490 anirno
972 1433 1089 1491 volvere
1101 1434 1207 1492 refuta·

127 1513 243 1572 tionem
265 1532 364 1571 eorum
386 1513 569 1588 scriptorum,
592 1533 657 1588 quae
679 1515 716 1570 ab
738 1513 833 1586 aliquo
854 1518 984 1587 tempore
998 1517 1100 1571 eontra
1114 1533 1207 1572 meum

126 1597 293 1652 tractatum
328 1598 396 1651 suni
428 1593 515 1656 edita.
548 1598 578 1651 et
598 1593 675 1651 inter
696 1613 730 1651 ea
751 1592 821 1650 mihi
843 1593 1026 1650 refutandum
1048 1613 1208 1669 proponere

133 1673 365 1749 manuscriptum
388 1678 478 1734 tuum.
510 1674 583 1732 Nam
605 1673 673 1744 soie,
695 1693 740 1731 me
762 1693 908 1747 nunquam
922 1672 952 1730 in
967 1679 1063 1731 mente
1074 1673 1208 1732 habuisse

131 1773 264 1812 meorum
296 1773 467 1829 quemquam
497 1753 728 1812 adversariorum
757 1754 903 1824 refellere3
926 1755 997 1811 adeo
1019 1774 1118 1812 omnes
1138 1754 1208 1812 mihi

128 1833 247 1908 indigni
280 1833 336 1892 visi
367 1839 444 1904 sunt,
477 1835 581 1909 quibus
602 1836 819 1910 responderem
842 1853 895 1891 neo
916 1833 1030 1891 domino
1051 1834 1207 1893 Neostadio

130 1913 213 1972 aliud
245 1933 291 1972 me
321 1913 426 1972 dixisse
458 1914 582 1983 memini
615 1934 702 1989 quam
734 1915 810 1988 quod
842 1913 1040 1988 proposuerim
1075 1914 1208 1989 praedicti

129 1997 280 2052 tractatus
301 1994 365 2052 looa
379 1995 511 2069 quaedam
526 1994 694 2052 obscuriora
705 1993 781 2052 notis
791 1993 938 2051 illustrare
951 1997 992 2058 **,
1004 1993 1097 2069 iisque
1108 2014 1207 2052 manu·

132 2073 276 2149 seriptum
307 2079 390 2132 tuum
420 2095 478 2132 una
510 2095 573 2132 eum
605 2094 669 2132 mea
700 2073 887 2148 responsione
917 2074 1086 2150 adjungere,
1108 2073 1133 2132 si
1153 2075 1207 2132 hoo

130 2156 210 2212 bona
243 2158 295 2212 tua
326 2154 412 2213 venia
444 2159 542 2230 posset
563 2153 648 2224 ‘fieri
681 2154 773 2224 Quam
794 2158 827 2211 ui
847 2156 900 2212 abs
920 2159 949 2212 ie
971 2158 1091 2229 peteret,
1113 2153 1207 2229 ipsum

129 2233 248 2309 rogavi,
281 2234 398 2306 addens,
420 2235 497 2310 quod
518 2234 543 2293 si
564 2235 639 2292 forte
661 2235 736 2292 hano
757 2235 840 2292 nobis
860 2233 974 2292 veniam
996 2235 1152 2292 concedere
1173 2254 1207 2292 ea

131 2315 170 2373 de
193 2334 281 2373 eausa
302 2315 402 2384 nolles,
426 2315 502 2390 quod
522 2315 553 2372 in
573 2335 637 2372 mea
648 2313 834 2389 responsione
846 2315 977 2390 quaedum
989 2314 1119 2390 asperius
1131 2314 1207 2373 diota

129 2395 202 2463 sint,
234 2398 268 2452 ut
298 2394 351 2453 tibi
382 2395 482 2453 eadem
513 2396 561 2471 vel
592 2393 755 2469 corrigendi
787 2396 834 2452 vel
861 2394 974 2452 delendi
994 2394 1109 2469 integre
1131 2400 1207 2453 esset

132 2472 275 2550 potestas.
308 2474 363 2533 Sed
395 2475 511 2534 interim
542 2474 657 2533 domino
687 2475 843 2532 Neostadio
870 2475 942 2532 nihil
962 2494 1132 2544 suacensem
1154 2475 1207 2534 iibi

131 2560 234 2613 tamen
266 2575 337 2626 rem,
370 2559 403 2613 ut
434 2560 487 2626 est,
520 2554 755 2626 indicaremini,
777 2554 863 2625 ussi
886 2575 972 2631 quam
993 2560 1070 2630 peto.
1091 2555 1206 2613 veniam

132 2635 292 2710 impetrare
323 2655 381 2693 non
412 2640 523 2711 potero,
556 2636 737 2694 ostenderem
765 2636 876 2705 saltem,
905 2655 951 2693 me
979 2635 1206 2711 manuscriptum

134 2719 218 2773 tuum
240 2719 269 2773 te
289 2714 381 2774 invito
392 2735 576 2792 nequaquam
587 2717 709 2791 vulgare
723 2715 857 2774 voluisse.
879 2716 925 2790 ut,
938 2716 1069 2791 quamvis
1081 2710 1205 2785 credam,

132 2814 219 2871 posse
250 2795 277 2852 id
311 2795 374 2854 fieri
399 2798 507 2870 absque
528 2797 585 2854 ullo
607 2801 664 2854 tuae
686 2797 771 2854 famae
793 2796 928 2871 periculo,
951 2797 975 2854 si
996 2797 1080 2854 modo
1101 2816 1206 2855 nomen

133 2880 218 2933 tuum
249 2875 340 2934 eidem
374 2896 432 2934 non
462 2876 646 2946 inscribatur,
677 2876 749 2932 nihil
781 2881 877 2934 tamen
908 2875 1021 2945 faciam,
1053 2875 1108 2933 nisi
1137 2877 1207 2934 mihi

133 2955 267 3030 ejusdem
298 2956 456 3032 evulgandi
485 2955 631 3014 licentiam
659 2956 808 3013 concedas
841 2956 905 3022 Sed,
928 2960 960 3014 ui
981 2975 1081 3014 verum
1103 2957 1205 3019 fatear.

134 3037 198 3094 rem
219 3035 287 3093 mihi
310 3037 400 3094 multo
422 3036 515 3112 magis
537 3040 650 3112 gratam
671 3035 790 3105 faceres,
813 3034 836 3092 si
850 3039 1022 3109 argumenta
1032 3035 1090 3105 illa,
1102 3035 1206 3111 quibus

131 3120 165 3174 te
198 3135 293 3174 meum
325 3121 482 3175 tractatum
503 3116 674 3192 impugnare
694 3135 779 3190 posse
800 3114 904 3180 credis.
925 3115 999 3173 velis
1019 3114 1154 3185 seribere,
1176 3122 1206 3174 et

133 3196 366 3271 manuscriptum
397 3201 478 3255 tuum
509 3196 611 3254 iisdem
638 3214 759 3270 augere3
782 3195 856 3270 quod
878 3200 910 3253 ui
931 3195 1020 3253 facias
1041 3194 1206 3253 enixissime

131 3295 216 3350 roge.
252 3275 326 3334 Nam
347 3296 430 3335 nemo
452 3282 508 3347 est,
530 3277 612 3353 eujus
633 3295 687 3351 ego
699 3280 872 3350 argumenia
882 3275 1018 3333 libentius
1028 3278 1205 3350 perpendere
1270 3288 1273 3294 '

167 3453 179 3477 *
195 3453 285 3499 Jaeobi
302 3454 434 3501 Neostadii
452 3454 565 3500 consulis
583 3454 737 3499 Alemariuni
755 3453 835 3498 filiam
853 3466 918 3497 anno
938 3453 997 3498 1655
1010 3466 1115 3498 uxorem
1128 3453 1205 3498 duxe-

133 3519 176 3562 rat
192 3516 317 3562 Reinerus
333 3517 494 3570 Neuhusius;
513 3517 546 3561 es.
564 3516 642 3574 hujus
658 3516 711 3561 vita
727 3516 902 3574 Epistolurum
918 3515 1007 3560 Famil.
1025 3515 1154 3560 Centuriis
1171 3516 1204 3560 IV

133 3578 209 3623 novis
236 3577 386 3635 (Amstelod.
413 3579 482 3635 1678)
508 3579 647 3637 praemissa.
671 3578 768 3624 Eodem
792 3591 858 3623 enno
875 3579 901 3622 in
919 3577 1011 3623 Album
1028 3577 1205 3623 Studiosorum

132 3641 301 3686 Leidensium
318 3643 415 3687 relatus
432 3644 488 3687 erat
505 3640 638 3686 Cornelius
654 3641 810 3686 Neostadius
823 3640 1014 3696 Alemariensis,
1024 3640 1115 3697 vrginti
1125 3653 1205 3684 annos

133 3706 221 3756 natus,
236 3704 445 3762 jurisprudentiae
463 3717 564 3762 operam
584 3704 699 3759 daturus,
717 3704 748 3749 de
765 3717 815 3761 quo
832 3703 874 3748 hio
892 3715 975 3747 sermo
992 3716 1049 3748 esse
1066 3702 1174 3747 videtur.

168 3765 193 3791 **
209 3766 250 3810 Ex
267 3765 308 3811 his
325 3767 410 3812 verbis
427 3780 484 3812 curn
501 3766 547 3824 Ep.
564 3766 670 3812 LXVIII
686 3767 757 3812 exitu
775 3765 936 3824 comparatis,
946 3767 1074 3823 praeunte
1084 3763 1204 3819 Brudero,

132 3828 258 3886 Epistolae
274 3831 375 3874 aetatem
392 3829 545 3886 colligimus,
