2662 4298
425 352 740 392 rnnonooroo·ron1rror
761 352 824 392 one.
848 352 920 391 xvn.
1145 333 1203 390 133

133 521 246 579 animos
266 525 380 595 regnat.
403 520 485 590 Quod
500 519 533 590 si,
545 519 595 595 qui
605 519 729 595 maxime
740 520 887 591 timentur,
901 520 1059 579 maxinmm
1073 526 1207 579 tenerent

132 601 293 677 imperium,
315 605 376 658 turn
398 600 526 675 profecto
547 600 575 658 id
598 601 799 676 Tyrannorum
821 600 929 660 subditi
950 605 1095 672 tenerent,
1118 600 1206 676 quia

132 681 193 740 suis
224 680 369 756 Tyrannis
394 679 518 738 maxime
539 679 687 739 timentur.
710 681 829 751 Deinde,
852 681 985 756 quamvis
1006 701 1064 739 non
1086 680 1204 756 perinde

134 761 239 820 animis
270 781 304 819 ac
334 759 442 835 linguis
472 760 608 836 imperari
639 761 739 836 possit,
771 767 840 819 sunt
871 767 969 820 tamen
1001 761 1088 819 animi
1109 761 1205 836 aliqua

133 841 247 900 ratione
267 844 320 899 sub
341 841 461 916 imperio
482 860 603 900 summae
625 841 788 916 potestatis,
803 860 868 916 quae
880 841 978 900 multis
989 841 1082 900 modis
1093 841 1206 900 efficere

133 928 240 998 potest,
263 926 296 979 ut
315 940 476 997 permagna
496 920 645 979 hominum
666 940 743 996 pars,
766 921 901 998 quicquid
915 923 987 994 vult,
999 922 1108 992 credat,
1120 927 1205 992 amet,

133 1003 199 1061 odio
221 1003 336 1072 habeat,
359 1005 413 1059 etc.
435 1001 584 1077 Adeoque,
608 1000 662 1059 etsi
677 1003 740 1060 haec
751 1022 809 1060 non
820 1001 929 1060 directo
940 1002 1078 1061 mandato
1089 1021 1206 1063 summae

132 1081 287 1158 potestatis
307 1082 389 1153 fiant,
410 1081 485 1139 fiunt
499 1086 598 1140 tamen
612 1101 696 1156 saepe,
711 1086 744 1140 ut
755 1081 936 1157 experientia
946 1083 1060 1142 abunde
1071 1086 1205 1154 testatur,

132 1182 170 1221 ex
202 1160 380 1221 authoritate
411 1160 501 1237 ipsius
532 1161 681 1237 potentiae,
703 1167 733 1220 et
754 1161 844 1238 ipsius
866 1162 1031 1232 directione,
1053 1162 1082 1220 id
1103 1167 1148 1220 est
1169 1182 1205 1220 ex

131 1242 224 1318 ipsius
251 1243 332 1317 jure;
365 1261 455 1316 quare
486 1241 548 1300 sine
576 1243 635 1300 ulla
654 1241 819 1300 intellectus
840 1242 1035 1317 repugnantia
1056 1241 1206 1317 concipere

131 1342 285 1399 possumus
316 1321 456 1391 heminae,
489 1321 539 1399 qui
571 1342 608 1380 ex
638 1323 698 1381 solo
726 1321 839 1397 imperii
857 1322 922 1398 jure
943 1323 1073 1391 credunt,
1096 1328 1204 1393 amant,

129 1403 198 1461 odio
209 1404 327 1474 habent,
340 1406 537 1473 contemnunt,
549 1407 579 1460 et
591 1403 723 1461 absolute
733 1404 810 1461 nullo
820 1421 878 1460 non
887 1403 992 1461 affectu
1002 1401 1204 1478 corripiuntur.

173 1483 223 1554 At,
256 1502 421 1559 quanquam
452 1483 507 1541 hac
539 1482 652 1541 ratione
680 1483 728 1558 jus
753 1487 783 1541 et
805 1487 980 1558 potestatem
1000 1481 1114 1558 imperii
1135 1482 1207 1540 satis

130 1564 259 1640 amplam
280 1562 464 1638 concipimus,
487 1582 634 1638 nunquam
655 1568 753 1622 tamen
767 1563 828 1632 fiet,
840 1568 874 1621 ut
884 1563 974 1621 ullum
986 1563 1057 1621 adeo
1068 1582 1205 1637 magnum

131 1645 227 1715 detur,
260 1647 293 1701 ut
315 1640 345 1717 ii,
369 1642 467 1718 quiid
489 1647 599 1714 tenent,
620 1643 781 1719 potentiam
804 1643 935 1702 absoluta
957 1642 1119 1714 adomnia,
1141 1662 1205 1718 quae

130 1723 233 1793 velint,
255 1724 398 1794 habeant3
421 1723 496 1798 quod
517 1743 562 1781 me
581 1723 641 1799 jam
662 1723 734 1782 satis
755 1724 832 1782 clare
855 1723 1017 1782 ostendisse
1037 1729 1117 1799 puto.
1143 1723 1206 1792 Qua

129 1809 229 1863 autem
260 1803 373 1862 ratione
403 1803 554 1878 imperium
575 1803 693 1862 formari
713 1808 820 1879 posset,
843 1808 875 1862 ut
898 1803 1084 1862 nihilominus
1105 1823 1206 1861 secure

129 1903 246 1960 semper
276 1888 472 1955 conservetur,
503 1885 563 1960 jam
594 1883 655 1941 dixi
685 1903 781 1943 meum
812 1884 958 1942 intentum
988 1903 1047 1942 non
1078 1903 1151 1955 csse,
1176 1883 1205 1941 id

128 1965 298 2035 ostenderc;
325 1968 462 2033 attamen,
485 1969 518 2022 ut
539 1964 574 2022 ad
596 1963 625 2022 id
647 1964 721 2038 quod
743 1964 808 2022 volo
829 1964 1008 2040 perveniam,
1031 1984 1066 2022 ca
1087 1965 1205 2034 notabo,

128 2065 195 2121 quae
216 2043 247 2102 in
268 2046 345 2102 hunc
366 2045 451 2102 finem
472 2043 571 2102 divina
588 2043 739 2102 Revelatio
749 2045 852 2102 Mosen
863 2044 929 2102 olim
943 2044 1048 2114 docuit,
1061 2048 1090 2102 et
1102 2043 1205 2101 deinde

129 2126 324 2184 Hebraeorum
362 2123 498 2183 historias
529 2129 559 2183 et
589 2143 739 2182 successus
769 2125 998 2199 perpendemus3
1030 2143 1068 2182 ex
1099 2122 1206 2199 quibus

127 2206 249 2263 tandem
285 2204 454 2274 videbimus,
486 2224 620 2280 quaenam
651 2203 797 2280 praecipue
828 2203 959 2274 subditis,
993 2204 1030 2262 ad
1064 2204 1202 2278 majorem

127 2283 244 2360 imperii
264 2283 448 2343 securitatem
469 2290 499 2343 ct
518 2285 736 2354 incrementum,
759 2284 942 2342 concedenda
963 2288 1031 2342 sunt
1053 2282 1202 2341 asummis

130 2364 336 2441 potestatibus.

172 2445 256 2515 Quod
276 2444 390 2522 imperii
409 2445 590 2503 conservatio
611 2443 757 2520 praecipue
777 2445 1123 2520 pendeatasubditorum
1136 2443 1202 2513 fide,

126 2545 287 2600 eorumque
318 2524 427 2583 virtute
455 2529 484 2583 ct
505 2525 592 2583 animi
613 2524 778 2584 constantia
797 2525 827 2583 in
849 2524 1026 2601 exequendis
1047 2523 1202 2591 mandatis,

129 2606 218 2665 Ratio
239 2610 269 2663 et
290 2604 471 2680 experientia
491 2624 577 2680 quam
598 2604 756 2664 clarissime
777 2606 896 2664 docent:
912 2604 1203 2682 quaautcmratione

128 2687 216 2745 iidem
249 2685 315 2744 duci
346 2686 478 2756 debeant,
511 2689 544 2743 ut
570 2686 656 2744 fidem
677 2691 706 2744 ct
727 2685 864 2745 virtutem
885 2690 1053 2745 constanter
1075 2690 1201 2754 servent,

129 2786 190 2825 non
222 2785 305 2840 aeque
335 2765 419 2823 facile
450 2771 495 2823 est
526 2765 633 2824 videre.
661 2765 768 2824 Omnes
789 2786 921 2841 namque,
943 2773 1003 2824 tam
1026 2766 1074 2841 qui
1098 2770 1204 2839 regunt

128 2866 219 2922 quam
250 2846 299 2921 qui
327 2850 477 2920 reguntur,
499 2845 630 2904 homines
651 2851 727 2915 sunt,
750 2866 786 2904 ex
808 2847 907 2904 labore
928 2847 1038 2905 scilicet
1059 2845 1203 2920 proclives

129 2928 167 2985 ad
200 2925 356 2984 libidinem.
389 2926 451 2983 lmo
484 2926 534 3001 qui
565 2930 678 2984 tantum
700 2926 813 2984 varium
834 2926 1033 2985 multidudinis
1054 2925 1203 2999 ingenium

129 3005 246 3081 experti
267 3010 343 3076 sunt,
366 3006 401 3063 de
422 3025 456 3063 eo
477 3006 537 3064 fere
559 3006 728 3081 desperant:
752 3005 820 3081 quia
841 3025 899 3063 non
921 3006 1054 3072 Ratione,
1070 3005 1120 3063 sed
1134 3006 1203 3062 solis

129 3086 283 3145 affectibus
305 3088 498 3161 gubematur;
521 3105 652 3161 praeceps
666 3085 818 3155 adomnia,
831 3085 1006 3144 etfacillimc
1020 3085 1065 3143 vel
1077 3085 1202 3142 avaritia

129 3167 178 3225 vel
198 3167 270 3224 luxu
295 3165 504 3241 corrumpitur;
526 3166 723 3242 unusquisque
744 3165 822 3223 solus
843 3164 939 3222 omnia
959 3186 990 3223 se
1012 3164 1085 3223 scire
1106 3169 1201 3239 putat,

129 3253 160 3306 ct
192 3245 288 3304 omnia
319 3266 354 3304 ex
385 3266 436 3304 suo
467 3245 584 3320 ingenio
615 3245 758 3303 moderari
789 3246 860 3314 vult,
893 3249 923 3302 et
951 3251 1071 3303 eatenus
1093 3243 1201 3318 aliquid

128 3347 245 3402 aequum
277 3327 324 3384 vel
353 3325 492 3400 iniquum,
524 3326 626 3401 fasque
656 3326 794 3400 nefasque
826 3325 981 3394 existimat,
1008 3329 1150 3399 quatenus
1173 3324 1202 3380 in

129 3427 214 3466 suum
244 3407 357 3465 luorum
381 3407 428 3464 vel
448 3407 583 3464 damnum
605 3406 707 3464 cadere
726 3405 851 3480 judicat;
874 3424 934 3479 prae
958 3405 1050 3478 gloria
1074 3403 1201 3476 aequales

129 3485 299 3553 contemnit,
320 3506 374 3544 nec
395 3485 487 3544 abiis
508 3485 593 3560 dirigi
614 3485 739 3561 patitur,
760 3485 822 3561 prae
836 3483 945 3542 invidia
959 3482 1084 3541 melioris
1096 3482 1198 3552 laudiS,

129 3569 177 3627 vel
209 3568 344 3637 fortunae,
377 3586 439 3641 quac
461 3585 607 3640 nunquam
629 3565 748 3640 aequalis
769 3570 822 3635 cst,
844 3564 949 3623 malum
971 3562 1091 3622 alterius
1112 3562 1201 3637 cupit,

130 3666 221 3723 eoque
243 3647 411 3706 delectatur.
434 3645 494 3705 Neo
514 3666 586 3721 opus
607 3651 652 3704 est
672 3645 768 3703 omnia
789 3664 953 3716 recensere;
975 3648 1082 3702 norunt
1097 3642 1203 3717 quippo

130 3747 239 3798 omnes,
262 3726 329 3802 quid
351 3726 467 3785 sceleris
487 3725 635 3784 fastidium
649 3726 837 3800 praesentium
852 3731 881 3783 et
893 3744 989 3782 rerum
1002 3723 1202 3781 novandarum

131 3808 285 3882 cupiditas
309 3806 376 3881 quid
397 3825 528 3882 praeceps
549 3805 601 3874 ira,
624 3805 692 3881 quid
708 3809 853 3864 contemta
868 3803 1203 3879 paupertasfrcquenter
