2662 4298
124 341 181 398 242
548 359 688 398 nrisronn
708 360 770 402 xrv.

128 532 161 587 ut
188 527 277 603 prius.
308 527 381 584 Turn
408 524 512 584 Phiala
535 524 640 584 iterum
668 546 706 585 ex
729 525 901 602 Recipiente
924 528 1098 605 eximatur,
1117 537 1145 592 et
1158 551 1191 591 ex·

128 608 234 666 hausta
255 615 321 665 ae‘re
342 613 418 681 aqua
439 606 475 664 ad
490 625 631 664 summum
646 607 801 682 repleatur,
815 605 1070 686 invertaturqne,
1085 617 1118 671 ut
1126 612 1190 689 prim

130 692 159 746 et
180 685 341 763 Recipienti
360 685 542 745 immittatur.
563 687 636 744 Tum
657 696 724 745 ae're
744 688 833 763 probe
854 696 1032 750 evacuetur
1053 692 1190 769 Recipiunt

130 786 220 842 eoque
247 766 304 824 rite
331 769 361 824 et
387 766 503 824 omnino
530 770 681 838 evacuato,
702 766 864 827 remanebit
885 787 972 844 aqna
994 770 1031 830 in
1053 772 1191 833 Phialssit

130 866 280 922 suspensa,
309 849 342 905 ut
372 847 537 905 nullatenus
563 847 728 906 descendat.
750 848 785 905 In
805 847 861 906 hoo
880 849 1100 924 experimento
1119 873 1191 923 caim

131 947 196 1003 quae
222 927 308 1002 juxta
335 926 469 1002 Boylium
496 926 639 985 sustinere
660 947 765 1003 aquam
785 926 817 985 in
836 928 1055 1003 experimento
1076 933 1191 993 Torried·

130 1006 207 1066 liano
238 1006 377 1065 statuitur
410 1009 474 1073 (atr
503 1026 614 1083 nempe,
646 1027 729 1082 aquas
760 1007 791 1065 in
819 1008 941 1068 vasculo
970 1011 1001 1069 B
1032 1011 1193 1085 incumbens)

132 1088 231 1147 ablata
251 1086 336 1163 plane
357 1087 480 1159 videtur,
499 1106 553 1145 neo
567 1097 665 1146 tamen
679 1107 756 1163 aqua
768 1087 800 1146 in
813 1087 919 1146 Phiala
933 1090 1107 1153 descendit
1127 1095 1193 1154 Plan

127 1172 291 1227 ¹statueram
312 1167 359 1226 hio
380 1168 564 1243 subjungere,
579 1168 629 1225 sed
645 1167 729 1226 amici
743 1173 773 1226 et
786 1167 1001 1244 occupationes
1015 1192 1068 1233 me
1081 1180 1194 1234 avocant

171 1248 236 1307 Non
267 1268 383 1324 possum
415 1248 548 1306 claudere
579 1247 688 1320 literas,
721 1247 791 1324 quin
821 1247 928 1307 iterum
960 1249 1137 1331 iterumque
1159 1254 1195 1314 nli

131 1329 272 1388 inculcem
293 1327 516 1404 publicationem
537 1347 645 1398 eorum,
667 1348 732 1403 quae
753 1333 785 1387 tu
806 1327 868 1405 ipse
888 1348 921 1387 cs
936 1332 1117 1394 meditatus.
1137 1334 1195 1395 Nun

132 1429 218 1484 quam
250 1408 386 1466 desistam
417 1412 447 1466 te
477 1407 599 1478 hortari,
632 1408 723 1468 donec
752 1407 886 1484 petitioni
910 1428 988 1470 meae
1025 1415 1195 1476 satisfeceris

130 1490 247 1548 interea
274 1488 421 1564 temporis,
449 1487 474 1547 si
499 1489 632 1563 quaedam
653 1493 853 1547 contentorum
873 1487 994 1549 illorum
1019 1495 1124 1571 capita
1143 1494 1195 1555 nili

129 1568 272 1645 impertiri
298 1569 395 1641 velles,
425 1570 480 1627 oh!
506 1588 591 1644 quam
613 1573 642 1627 to
664 1569 831 1645 deperirem,
854 1575 1032 1646 quantaque
1055 1577 1196 1636 necessitu-

130 1649 262 1707 dinemo
283 1648 337 1707 tibi
357 1648 527 1707 obstrictum
546 1648 722 1724 judicarem!
743 1650 850 1707 Valeas
871 1650 1098 1728 florentissimo,
1110 1676 1195 1735 meque

129 1734 162 1787 ut
183 1727 255 1786 facis
275 1747 372 1787 amare
392 1748 507 1804 pergas,

556 1837 610 1895 Tui
630 1836 872 1894 studiosissimum
893 1843 918 1894 et
938 1839 1165 1904 Amicissimum

65 1953 67 1957 .
720 1917 815 1974 Hans.
838 1915 1038 1981 Ounsuaoae.

130 1995 248 2052 Londini,
265 1995 303 2042 31.
320 1994 381 2040 Julii
399 1995 426 2053 [f.
444 1996 480 2041 10.
497 1995 569 2053 Aug,
586 1999 615 2042 nt
631 1996 710 2042 habet
726 1997 798 2043 Vere.

176 2059 248 2118 Belg.
265 2058 405 2104 secundnm
422 2058 517 2115 stylum
534 2059 646 2117 novum],
664 2058 733 2105 1663.

507 2351 723 2409 Errsronn
757 2353 819 2410 XV.

388 2483 711 2544 D0.LU[)0V100
748 2487 941 2545 MAJERO

595 2620 623 2677 S.
646 2620 678 2679 P.
701 2620 736 2678 D.

529 2753 563 2810 B.
585 2753 630 2810 Da
653 2752 791 2813 Sarnous.

223 2882 252 2930 Ε.
270 2883 372 2930 schedis
389 2884 500 2930 Victoris
516 2885 610 2930 Consin
628 2885 694 2931 hanc
711 2887 870 2944 deprompsit
887 2886 961 2934 Frod.
979 2888 1110 2941 Pollock:

460 2947 577 3006 Spinoza,
593 2948 674 2995 Lond.
693 2948 760 3005 1880,
777 2963 801 3006 p.
818 2949 872 2994 448.

256 3055 350 3112 Amice
370 3057 536 3112 serenissime

175 3159 387 3232 Praefationem,
416 3181 501 3236 quam
528 3161 598 3219 mihi
619 3181 672 3237 per
692 3161 814 3219 amicum
836 3166 967 3220 nostrum
990 3162 1026 3221 de
1048 3167 1143 3231 Vries
1164 3172 1206 3231 mi·

134 3239 208 3311 sisti,
240 3260 277 3298 en
307 3240 360 3299 tibi
390 3261 442 3316 per
470 3242 590 3300 eundem
620 3241 744 3300 remitto.
769 3243 872 3312 Pauca,
894 3245 927 3299 ut
947 3241 1008 3316 ipse
1031 3246 1162 3323 videbis,
1182 3253 1207 3311 in

133 3318 266 3394 margine
300 3322 409 3391 notavi,
441 3323 490 3380 sed
523 3323 617 3380 adhuc
647 3341 740 3398 pauca
771 3326 936 3397 supersunt,
970 3343 1035 3397 quae
1067 3328 1128 3390 tibi
1161 3353 1207 3410 por

134 3399 236 3457 literas
264 3399 428 3475 significare
457 3402 615 3461 consultius
636 3402 714 3461 duxi.
735 3401 844 3477 Nempe
868 3404 893 3461 1.
916 3402 964 3460 ubi
986 3423 1055 3480 pag.
1079 3412 1100 3468 4
1125 3414 1208 3473 lecto·

134 3498 197 3536 rem
221 3499 328 3550 monae,
351 3501 409 3555 qua
430 3483 609 3541 occasione*
630 3482 751 3558 primam
773 3487 884 3558 partem
906 3488 1133 3565 composuerim,
1157 3495 1209 3555 vel·

133 3557 192 3615 lem
224 3563 259 3616 ut
289 3559 373 3619 simul
404 3561 452 3631 ibi,
486 3568 538 3621 aut
559 3563 608 3621 ubi
628 3562 777 3640 placuerit,
800 3563 887 3621 etiam
909 3583 1049 3638 moneres,
1073 3589 1125 3631 me
1149 3595 1208 3634 eam

165 3761 176 3780 ⁴
197 3762 239 3833 'In
257 3764 415 3834 autographo
432 3768 542 3812 nocolone
559 3771 586 3813 et
602 3768 715 3824 ofendent
732 3767 860 3825 leguntur,
870 3783 927 3826 quae
937 3769 1055 3815 suntviri
1065 3773 1210 3836 Hispanico

135 3825 211 3870 doctr.
228 3826 366 3871 contram
383 3840 445 3872 voce
461 3831 610 3886 promiserat
619 3830 652 3889 (p.
662 3829 717 3887 243)
735 3830 809 3875 litera
826 3846 839 3876 a
856 3845 990 3891 perperam
1008 3832 1147 3890 duplicata
1165 3845 1210 3888 est.
