<?xml version="1.0" encoding="UTF-8"?>
<!DOCTYPE html PUBLIC "-//W3C//DTD XHTML 1.0 Transitional//EN"
    "http://www.w3.org/TR/xhtml1/DTD/xhtml1-transitional.dtd">
<html xmlns="http://www.w3.org/1999/xhtml" xml:lang="en" lang="en">
 <head>
  <title>
</title>
<meta http-equiv="Content-Type" content="text/html;charset=utf-8" />
  <meta name='ocr-system' content='tesseract 3.04.00' />
  <meta name='ocr-capabilities' content='ocr_page ocr_carea ocr_par ocr_line ocrx_word'/>
</head>
<body>
  <div class='ocr_page' id='page_1' title='image "./operaquotquotre00landgoog_0311.png"; bbox 0 0 2662 4298; ppageno 0'>
   <div class='ocr_carea' id='block_1_1' title="bbox 179 319 843 377">
    <p class='ocr_par' dir='ltr' id='par_1_1' title="bbox 179 319 843 377">
     <span class='ocr_line' id='line_1_1' title="bbox 179 319 843 377; baseline 0 0"><span class='ocrx_word' id='word_1_1' title='bbox 179 319 238 377; x_wconf 80' lang='lat' dir='ltr'>alo</span> <span class='ocrx_word' id='word_1_2' title='bbox 590 337 728 376; x_wconf 73' lang='lat' dir='ltr'>errarem</span> <span class='ocrx_word' id='word_1_3' title='bbox 748 337 843 377; x_wconf 80' lang='lat' dir='ltr'>mu.</span> 
     </span>
    </p>
   </div>
   <div class='ocr_carea' id='block_1_2' title="bbox 145 504 1263 3139">
    <p class='ocr_par' dir='ltr' id='par_1_2' title="bbox 182 504 1260 660">
     <span class='ocr_line' id='line_1_2' title="bbox 182 504 1260 581; baseline 0.001 -17"><span class='ocrx_word' id='word_1_4' title='bbox 182 506 323 565; x_wconf 87' lang='lat' dir='ltr'>rationem</span> <span class='ocrx_word' id='word_1_5' title='bbox 342 505 443 581; x_wconf 87' lang='lat' dir='ltr'>partis,</span> <span class='ocrx_word' id='word_1_6' title='bbox 465 524 523 562; x_wconf 90' lang='lat' dir='ltr'>non</span> <span class='ocrx_word' id='word_1_7' title='bbox 545 523 615 563; x_wconf 87' lang='lat' dir='ltr'>vero</span> <span class='ocrx_word' id='word_1_8' title='bbox 635 504 726 562; x_wconf 87' lang='lat' dir='ltr'>totius</span> <span class='ocrx_word' id='word_1_9' title='bbox 745 505 842 562; x_wconf 87' lang='lat' dir='ltr'>habet.</span> <span class='ocrx_word' id='word_1_10' title='bbox 876 504 918 562; x_wconf 88' lang='lat' dir='ltr'>De</span> <span class='ocrx_word' id='word_1_11' title='bbox 938 508 1001 562; x_wconf 88' lang='lat' dir='ltr'>toto</span> <span class='ocrx_word' id='word_1_12' title='bbox 1023 509 1059 563; x_wconf 86' lang='lat' dir='ltr'>et</span> <span class='ocrx_word' id='word_1_13' title='bbox 1073 510 1167 581; x_wconf 88' lang='lat' dir='ltr'>parte</span> <span class='ocrx_word' id='word_1_14' title='bbox 1181 507 1260 565; x_wconf 83' lang='lat' dir='ltr'>modo</span> 
     </span>
     <span class='ocr_line' id='line_1_3' title="bbox 182 586 300 660; baseline 0 -16"><span class='ocrx_word' id='word_1_15' title='bbox 182 586 242 644; x_wconf 84' lang='lat' dir='ltr'>dixi</span> <span class='ocrx_word' id='word_1_16' title='bbox 263 586 300 660; x_wconf 85' lang='grc' dir='ltr'>α).</span> 
     </span>
    </p>

    <p class='ocr_par' dir='ltr' id='par_1_3' title="bbox 170 664 1263 2182">
     <span class='ocr_line' id='line_1_4' title="bbox 221 664 1263 742; baseline 0.002 -19"><span class='ocrx_word' id='word_1_17' title='bbox 221 667 297 735; x_wconf 86' lang='lat' dir='ltr'>Jam,</span> <span class='ocrx_word' id='word_1_18' title='bbox 329 683 394 722; x_wconf 90' lang='lat' dir='ltr'>cum</span> <span class='ocrx_word' id='word_1_19' title='bbox 426 664 523 723; x_wconf 89' lang='lat' dir='ltr'>omnia</span> <span class='ocrx_word' id='word_1_20' title='bbox 554 664 673 723; x_wconf 84' lang='lat' dir='ltr'>Naturae</span> <span class='ocrx_word' id='word_1_21' title='bbox 705 684 826 739; x_wconf 91' lang='lat' dir='ltr'>corpora</span> <span class='ocrx_word' id='word_1_22' title='bbox 856 665 955 723; x_wconf 85' lang='lat' dir='ltr'>eodem</span> <span class='ocrx_word' id='word_1_23' title='bbox 979 665 1071 724; x_wconf 90' lang='lat' dir='ltr'>modo</span> <span class='ocrx_word' id='word_1_24' title='bbox 1095 665 1218 742; x_wconf 84' lang='lat' dir='ltr'>possint</span> <span class='ocrx_word' id='word_1_25' title='bbox 1236 672 1263 725; x_wconf 88' lang='lat' dir='ltr'>et</span> 
     </span>
     <span class='ocr_line' id='line_1_5' title="bbox 181 743 1262 819; baseline 0.003 -16"><span class='ocrx_word' id='word_1_26' title='bbox 181 745 305 804; x_wconf 87' lang='lat' dir='ltr'>debcant</span> <span class='ocrx_word' id='word_1_27' title='bbox 326 744 445 819; x_wconf 79' lang='lat' dir='ltr'>concipi,</span> <span class='ocrx_word' id='word_1_28' title='bbox 468 765 502 802; x_wconf 88' lang='lat' dir='ltr'>ac</span> <span class='ocrx_word' id='word_1_29' title='bbox 522 764 576 802; x_wconf 88' lang='lat' dir='ltr'>nos</span> <span class='ocrx_word' id='word_1_30' title='bbox 596 744 643 802; x_wconf 90' lang='lat' dir='ltr'>hic</span> <span class='ocrx_word' id='word_1_31' title='bbox 663 745 833 818; x_wconf 87' lang='lat' dir='ltr'>sanguinem</span> <span class='ocrx_word' id='word_1_32' title='bbox 854 743 1054 819; x_wconf 81' lang='lat' dir='ltr'>concepimus:</span> <span class='ocrx_word' id='word_1_33' title='bbox 1071 747 1178 805; x_wconf 86' lang='lat' dir='ltr'>omnia</span> <span class='ocrx_word' id='word_1_34' title='bbox 1190 747 1262 806; x_wconf 89' lang='lat' dir='ltr'>enim</span> 
     </span>
     <span class='ocr_line' id='line_1_6' title="bbox 179 823 1263 900; baseline 0.003 -17"><span class='ocrx_word' id='word_1_35' title='bbox 179 845 302 900; x_wconf 86' lang='lat' dir='ltr'>corpora</span> <span class='ocrx_word' id='word_1_36' title='bbox 323 826 359 881; x_wconf 89' lang='lat' dir='ltr'>ab</span> <span class='ocrx_word' id='word_1_37' title='bbox 381 825 455 882; x_wconf 85' lang='lat' dir='ltr'>alliis</span> <span class='ocrx_word' id='word_1_38' title='bbox 475 824 748 899; x_wconf 81' lang='lat' dir='ltr'>circumcinguntur,</span> <span class='ocrx_word' id='word_1_39' title='bbox 771 839 800 882; x_wconf 84' lang='lat' dir='ltr'>ct</span> <span class='ocrx_word' id='word_1_40' title='bbox 821 827 857 882; x_wconf 90' lang='lat' dir='ltr'>ab</span> <span class='ocrx_word' id='word_1_41' title='bbox 877 823 1001 882; x_wconf 89' lang='lat' dir='ltr'>invicem</span> <span class='ocrx_word' id='word_1_42' title='bbox 1020 826 1263 886; x_wconf 86' lang='lat' dir='ltr'>determinantur</span> 
     </span>
     <span class='ocr_line' id='line_1_7' title="bbox 179 904 1261 979; baseline 0.004 -16"><span class='ocrx_word' id='word_1_43' title='bbox 179 906 216 963; x_wconf 89' lang='lat' dir='ltr'>ad</span> <span class='ocrx_word' id='word_1_44' title='bbox 248 904 428 962; x_wconf 82' lang='lat' dir='ltr'>existendum</span> <span class='ocrx_word' id='word_1_45' title='bbox 460 909 490 963; x_wconf 89' lang='lat' dir='ltr'>et</span> <span class='ocrx_word' id='word_1_46' title='bbox 519 905 696 979; x_wconf 86' lang='lat' dir='ltr'>operandum</span> <span class='ocrx_word' id='word_1_47' title='bbox 727 909 807 962; x_wconf 78' lang='lat' dir='ltr'>certa</span> <span class='ocrx_word' id='word_1_48' title='bbox 837 924 872 962; x_wconf 87' lang='lat' dir='ltr'>ac</span> <span class='ocrx_word' id='word_1_49' title='bbox 902 905 1103 964; x_wconf 75' lang='lat' dir='ltr'>determinata</span> <span class='ocrx_word' id='word_1_50' title='bbox 1137 907 1261 976; x_wconf 87' lang='lat' dir='ltr'>ratione,</span> 
     </span>
     <span class='ocr_line' id='line_1_8' title="bbox 180 983 1261 1059; baseline 0.003 -16"><span class='ocrx_word' id='word_1_51' title='bbox 180 990 297 1043; x_wconf 77' lang='lat' dir='ltr'>servata</span> <span class='ocrx_word' id='word_1_52' title='bbox 328 1004 440 1059; x_wconf 87' lang='lat' dir='ltr'>semper</span> <span class='ocrx_word' id='word_1_53' title='bbox 460 983 491 1043; x_wconf 88' lang='lat' dir='ltr'>in</span> <span class='ocrx_word' id='word_1_54' title='bbox 512 983 644 1042; x_wconf 87' lang='lat' dir='ltr'>omnibus</span> <span class='ocrx_word' id='word_1_55' title='bbox 664 984 756 1057; x_wconf 86' lang='lat' dir='ltr'>simul,</span> <span class='ocrx_word' id='word_1_56' title='bbox 778 985 833 1043; x_wconf 91' lang='lat' dir='ltr'>hoc</span> <span class='ocrx_word' id='word_1_57' title='bbox 854 989 907 1053; x_wconf 89' lang='lat' dir='ltr'>est,</span> <span class='ocrx_word' id='word_1_58' title='bbox 928 985 958 1042; x_wconf 90' lang='lat' dir='ltr'>in</span> <span class='ocrx_word' id='word_1_59' title='bbox 978 988 1043 1044; x_wconf 90' lang='lat' dir='ltr'>toto</span> <span class='ocrx_word' id='word_1_60' title='bbox 1067 986 1217 1046; x_wconf 85' lang='lat' dir='ltr'>universo</span> <span class='ocrx_word' id='word_1_61' title='bbox 1237 990 1261 1057; x_wconf 84' lang='lat' dir='ltr'>b)</span> 
     </span>
     <span class='ocr_line' id='line_1_9' title="bbox 180 1064 1261 1144; baseline 0.004 -21"><span class='ocrx_word' id='word_1_62' title='bbox 180 1066 279 1124; x_wconf 75' lang='lat' dir='ltr'>cadem</span> <span class='ocrx_word' id='word_1_63' title='bbox 307 1064 419 1122; x_wconf 89' lang='lat' dir='ltr'>ratione</span> <span class='ocrx_word' id='word_1_64' title='bbox 448 1069 542 1122; x_wconf 83' lang='lat' dir='ltr'>motus</span> <span class='ocrx_word' id='word_1_65' title='bbox 561 1066 598 1122; x_wconf 89' lang='lat' dir='ltr'>ad</span> <span class='ocrx_word' id='word_1_66' title='bbox 620 1064 760 1139; x_wconf 86' lang='lat' dir='ltr'>quietem;</span> <span class='ocrx_word' id='word_1_67' title='bbox 783 1064 849 1122; x_wconf 90' lang='lat' dir='ltr'>hinc</span> <span class='ocrx_word' id='word_1_68' title='bbox 870 1064 1008 1140; x_wconf 86' lang='lat' dir='ltr'>sequitur,</span> <span class='ocrx_word' id='word_1_69' title='bbox 1031 1085 1124 1124; x_wconf 91' lang='lat' dir='ltr'>omne</span> <span class='ocrx_word' id='word_1_70' title='bbox 1147 1088 1261 1144; x_wconf 86' lang='lat' dir='ltr'>corpus,</span> 
     </span>
     <span class='ocr_line' id='line_1_10' title="bbox 181 1144 1263 1222; baseline 0.004 -19"><span class='ocrx_word' id='word_1_71' title='bbox 181 1149 325 1222; x_wconf 88' lang='lat' dir='ltr'>quatenus</span> <span class='ocrx_word' id='word_1_72' title='bbox 356 1149 435 1204; x_wconf 90' lang='lat' dir='ltr'>certo</span> <span class='ocrx_word' id='word_1_73' title='bbox 466 1145 550 1203; x_wconf 88' lang='lat' dir='ltr'>modo</span> <span class='ocrx_word' id='word_1_74' title='bbox 581 1144 776 1203; x_wconf 89' lang='lat' dir='ltr'>modificatum</span> <span class='ocrx_word' id='word_1_75' title='bbox 810 1144 910 1202; x_wconf 85' lang='lat' dir='ltr'>existit</span> <span class='ocrx_word' id='word_1_76' title='bbox 951 1150 984 1203; x_wconf 94' lang='lat' dir='ltr'>ut</span> <span class='ocrx_word' id='word_1_77' title='bbox 1014 1151 1139 1220; x_wconf 87' lang='lat' dir='ltr'>partem</span> <span class='ocrx_word' id='word_1_78' title='bbox 1172 1149 1263 1207; x_wconf 85' lang='lat' dir='ltr'>totius</span> 
     </span>
     <span class='ocr_line' id='line_1_11' title="bbox 180 1225 1262 1299; baseline 0.003 -14"><span class='ocrx_word' id='word_1_79' title='bbox 180 1225 308 1285; x_wconf 85' lang='lat' dir='ltr'>universi</span> <span class='ocrx_word' id='word_1_80' title='bbox 331 1225 506 1284; x_wconf 73' lang='lat' dir='ltr'>considerari</span> <span class='ocrx_word' id='word_1_81' title='bbox 526 1225 629 1283; x_wconf 88' lang='lat' dir='ltr'>debere</span> <span class='ocrx_word' id='word_1_82' title='bbox 651 1227 686 1296; x_wconf 81' lang='lat' dir='ltr'>c),</span> <span class='ocrx_word' id='word_1_83' title='bbox 708 1245 771 1283; x_wconf 92' lang='lat' dir='ltr'>cum</span> <span class='ocrx_word' id='word_1_84' title='bbox 793 1245 844 1283; x_wconf 86' lang='lat' dir='ltr'>suo</span> <span class='ocrx_word' id='word_1_85' title='bbox 865 1229 927 1283; x_wconf 92' lang='lat' dir='ltr'>toto</span> <span class='ocrx_word' id='word_1_86' title='bbox 948 1226 1122 1299; x_wconf 91' lang='lat' dir='ltr'>convenire,</span> <span class='ocrx_word' id='word_1_87' title='bbox 1146 1233 1262 1287; x_wconf 89' lang='lat' dir='ltr'>etcum</span> 
     </span>
     <span class='ocr_line' id='line_1_12' title="bbox 179 1304 1263 1381; baseline 0.002 -17"><span class='ocrx_word' id='word_1_88' title='bbox 179 1305 296 1381; x_wconf 88' lang='lat' dir='ltr'>reliquis</span> <span class='ocrx_word' id='word_1_89' title='bbox 334 1307 494 1378; x_wconf 81' lang='lat' dir='ltr'>cohaerere3</span> <span class='ocrx_word' id='word_1_90' title='bbox 527 1310 556 1363; x_wconf 90' lang='lat' dir='ltr'>et</span> <span class='ocrx_word' id='word_1_91' title='bbox 586 1304 720 1381; x_wconf 89' lang='lat' dir='ltr'>quoniam</span> <span class='ocrx_word' id='word_1_92' title='bbox 752 1309 858 1363; x_wconf 85' lang='lat' dir='ltr'>natura</span> <span class='ocrx_word' id='word_1_93' title='bbox 887 1305 1016 1364; x_wconf 83' lang='lat' dir='ltr'>universi</span> <span class='ocrx_word' id='word_1_94' title='bbox 1048 1326 1113 1366; x_wconf 91' lang='lat' dir='ltr'>non</span> <span class='ocrx_word' id='word_1_95' title='bbox 1148 1313 1204 1380; x_wconf 84' lang='lat' dir='ltr'>est,</span> <span class='ocrx_word' id='word_1_96' title='bbox 1231 1315 1263 1368; x_wconf 91' lang='lat' dir='ltr'>ut</span> 
     </span>
     <span class='ocr_line' id='line_1_13' title="bbox 179 1384 1261 1464; baseline 0.003 -19"><span class='ocrx_word' id='word_1_97' title='bbox 179 1391 285 1445; x_wconf 86' lang='lat' dir='ltr'>natura</span> <span class='ocrx_word' id='word_1_98' title='bbox 312 1386 471 1461; x_wconf 75' lang='lat' dir='ltr'>sanguiniS,</span> <span class='ocrx_word' id='word_1_99' title='bbox 501 1385 686 1458; x_wconf 68' lang='lat' dir='ltr'>limitatae),</span> <span class='ocrx_word' id='word_1_100' title='bbox 708 1386 759 1443; x_wconf 88' lang='lat' dir='ltr'>sed</span> <span class='ocrx_word' id='word_1_101' title='bbox 780 1386 911 1444; x_wconf 86' lang='lat' dir='ltr'>absolute</span> <span class='ocrx_word' id='word_1_102' title='bbox 930 1384 1057 1457; x_wconf 89' lang='lat' dir='ltr'>infinita,</span> <span class='ocrx_word' id='word_1_103' title='bbox 1079 1386 1153 1447; x_wconf 88' lang='lat' dir='ltr'>ideo</span> <span class='ocrx_word' id='word_1_104' title='bbox 1175 1394 1202 1464; x_wconf 86' lang='lat' dir='ltr'>e)</span> <span class='ocrx_word' id='word_1_105' title='bbox 1226 1392 1261 1448; x_wconf 88' lang='lat' dir='ltr'>ab</span> 
     </span>
     <span class='ocr_line' id='line_1_14' title="bbox 170 1465 1260 1541; baseline 0.003 -16"><span class='ocrx_word' id='word_1_106' title='bbox 170 1468 234 1525; x_wconf 88' lang='lat' dir='ltr'>hac</span> <span class='ocrx_word' id='word_1_107' title='bbox 265 1466 386 1525; x_wconf 84' lang='lat' dir='ltr'>infinitae</span> <span class='ocrx_word' id='word_1_108' title='bbox 414 1465 549 1541; x_wconf 83' lang='lat' dir='ltr'>potentiae</span> <span class='ocrx_word' id='word_1_109' title='bbox 571 1471 676 1523; x_wconf 88' lang='lat' dir='ltr'>natura</span> <span class='ocrx_word' id='word_1_110' title='bbox 697 1466 759 1541; x_wconf 87' lang='lat' dir='ltr'>ejus</span> <span class='ocrx_word' id='word_1_111' title='bbox 780 1471 879 1541; x_wconf 85' lang='lat' dir='ltr'>partes</span> <span class='ocrx_word' id='word_1_112' title='bbox 898 1465 1020 1523; x_wconf 85' lang='lat' dir='ltr'>infinitis</span> <span class='ocrx_word' id='word_1_113' title='bbox 1042 1469 1144 1526; x_wconf 80' lang='lat' dir='ltr'>modis</span> <span class='ocrx_word' id='word_1_114' title='bbox 1165 1470 1260 1528; x_wconf 79' lang='lat' dir='ltr'>mode</span> 
     </span>
     <span class='ocr_line' id='line_1_15' title="bbox 179 1545 1261 1623; baseline 0.002 -18"><span class='ocrx_word' id='word_1_115' title='bbox 179 1551 289 1616; x_wconf 91' lang='lat' dir='ltr'>rantur,</span> <span class='ocrx_word' id='word_1_116' title='bbox 323 1551 353 1603; x_wconf 90' lang='lat' dir='ltr'>ct</span> <span class='ocrx_word' id='word_1_117' title='bbox 381 1545 511 1604; x_wconf 84' lang='lat' dir='ltr'>infinitas</span> <span class='ocrx_word' id='word_1_118' title='bbox 541 1545 718 1604; x_wconf 78' lang='lat' dir='ltr'>variationes</span> <span class='ocrx_word' id='word_1_119' title='bbox 749 1545 810 1621; x_wconf 90' lang='lat' dir='ltr'>pati</span> <span class='ocrx_word' id='word_1_120' title='bbox 841 1549 985 1620; x_wconf 88' lang='lat' dir='ltr'>coguntur</span> <span class='ocrx_word' id='word_1_121' title='bbox 1012 1548 1048 1618; x_wconf 87' lang='lat' dir='ltr'>e).</span> <span class='ocrx_word' id='word_1_122' title='bbox 1082 1548 1201 1607; x_wconf 89' lang='lat' dir='ltr'>Verum</span> <span class='ocrx_word' id='word_1_123' title='bbox 1231 1552 1261 1623; x_wconf 68' lang='lat' dir='ltr'>f)</span> 
     </span>
     <span class='ocr_line' id='line_1_16' title="bbox 179 1625 1259 1701; baseline 0.006 -18"><span class='ocrx_word' id='word_1_124' title='bbox 179 1626 292 1684; x_wconf 87' lang='lat' dir='ltr'>ratione</span> <span class='ocrx_word' id='word_1_125' title='bbox 323 1625 494 1684; x_wconf 76' lang='lat' dir='ltr'>substantiae</span> <span class='ocrx_word' id='word_1_126' title='bbox 526 1646 757 1701; x_wconf 82' lang='lat' dir='ltr'>unamquamque</span> <span class='ocrx_word' id='word_1_127' title='bbox 787 1632 900 1701; x_wconf 85' lang='lat' dir='ltr'>partem</span> <span class='ocrx_word' id='word_1_128' title='bbox 931 1625 1088 1685; x_wconf 81' lang='lat' dir='ltr'>arctiorem</span> <span class='ocrx_word' id='word_1_129' title='bbox 1118 1629 1259 1689; x_wconf 89' lang='lat' dir='ltr'>unionem</span> 
     </span>
     <span class='ocr_line' id='line_1_17' title="bbox 180 1705 1259 1786; baseline 0.005 -22"><span class='ocrx_word' id='word_1_130' title='bbox 180 1725 243 1764; x_wconf 90' lang='lat' dir='ltr'>cum</span> <span class='ocrx_word' id='word_1_131' title='bbox 275 1724 327 1763; x_wconf 81' lang='lat' dir='ltr'>suo</span> <span class='ocrx_word' id='word_1_132' title='bbox 359 1709 420 1763; x_wconf 85' lang='lat' dir='ltr'>toto</span> <span class='ocrx_word' id='word_1_133' title='bbox 452 1706 560 1763; x_wconf 87' lang='lat' dir='ltr'>habere</span> <span class='ocrx_word' id='word_1_134' title='bbox 591 1705 729 1781; x_wconf 88' lang='lat' dir='ltr'>concipio.</span> <span class='ocrx_word' id='word_1_135' title='bbox 762 1706 834 1764; x_wconf 87' lang='lat' dir='ltr'>Nam</span> <span class='ocrx_word' id='word_1_136' title='bbox 855 1712 883 1782; x_wconf 79' lang='lat' dir='ltr'>q)</span> <span class='ocrx_word' id='word_1_137' title='bbox 905 1710 938 1764; x_wconf 85' lang='lat' dir='ltr'>ut</span> <span class='ocrx_word' id='word_1_138' title='bbox 959 1707 1087 1765; x_wconf 85' lang='lat' dir='ltr'>antehac</span> <span class='ocrx_word' id='word_1_139' title='bbox 1108 1708 1143 1766; x_wconf 91' lang='lat' dir='ltr'>in</span> <span class='ocrx_word' id='word_1_140' title='bbox 1165 1710 1259 1786; x_wconf 86' lang='lat' dir='ltr'>prima</span> 
     </span>
     <span class='ocr_line' id='line_1_18' title="bbox 179 1784 1258 1866; baseline 0.007 -24"><span class='ocrx_word' id='word_1_141' title='bbox 179 1805 242 1843; x_wconf 89' lang='lat' dir='ltr'>mea</span> <span class='ocrx_word' id='word_1_142' title='bbox 271 1784 410 1859; x_wconf 84' lang='lat' dir='ltr'>Epistola,</span> <span class='ocrx_word' id='word_1_143' title='bbox 442 1805 528 1861; x_wconf 87' lang='lat' dir='ltr'>quam</span> <span class='ocrx_word' id='word_1_144' title='bbox 559 1785 748 1861; x_wconf 86' lang='lat' dir='ltr'>Rhenoburgi</span> <span class='ocrx_word' id='word_1_145' title='bbox 779 1787 873 1844; x_wconf 87' lang='lat' dir='ltr'>adhuc</span> <span class='ocrx_word' id='word_1_146' title='bbox 903 1786 1040 1845; x_wconf 86' lang='lat' dir='ltr'>habitans</span> <span class='ocrx_word' id='word_1_147' title='bbox 1062 1787 1119 1846; x_wconf 90' lang='lat' dir='ltr'>tibi</span> <span class='ocrx_word' id='word_1_148' title='bbox 1143 1791 1258 1866; x_wconf 85' lang='lat' dir='ltr'>scripsi,</span> 
     </span>
     <span class='ocr_line' id='line_1_19' title="bbox 179 1866 1257 1944; baseline 0.006 -20"><span class='ocrx_word' id='word_1_149' title='bbox 179 1870 300 1924; x_wconf 85' lang='lat' dir='ltr'>conatus</span> <span class='ocrx_word' id='word_1_150' title='bbox 330 1886 392 1924; x_wconf 86' lang='lat' dir='ltr'>sum</span> <span class='ocrx_word' id='word_1_151' title='bbox 425 1866 632 1938; x_wconf 83' lang='lat' dir='ltr'>demonstrare,</span> <span class='ocrx_word' id='word_1_152' title='bbox 665 1886 729 1924; x_wconf 89' lang='lat' dir='ltr'>cum</span> <span class='ocrx_word' id='word_1_153' title='bbox 760 1866 795 1924; x_wconf 89' lang='lat' dir='ltr'>de</span> <span class='ocrx_word' id='word_1_154' title='bbox 827 1871 933 1925; x_wconf 87' lang='lat' dir='ltr'>natura</span> <span class='ocrx_word' id='word_1_155' title='bbox 965 1867 1144 1928; x_wconf 83' lang='lat' dir='ltr'>substantiae</span> <span class='ocrx_word' id='word_1_156' title='bbox 1168 1870 1208 1929; x_wconf 85' lang='lat' dir='ltr'>ait</span> <span class='ocrx_word' id='word_1_157' title='bbox 1228 1873 1257 1944; x_wconf 76' lang='lat' dir='ltr'>h)</span> 
     </span>
     <span class='ocr_line' id='line_1_20' title="bbox 180 1945 1258 2026; baseline 0.006 -22"><span class='ocrx_word' id='word_1_158' title='bbox 180 1965 242 2004; x_wconf 84' lang='lat' dir='ltr'>esse</span> <span class='ocrx_word' id='word_1_159' title='bbox 262 1945 404 2005; x_wconf 88' lang='lat' dir='ltr'>infinitam</span> <span class='ocrx_word' id='word_1_160' title='bbox 425 1948 459 2020; x_wconf 66' lang='lat' dir='ltr'>a),</span> <span class='ocrx_word' id='word_1_161' title='bbox 481 1947 612 2023; x_wconf 84' lang='lat' dir='ltr'>sequitur</span> <span class='ocrx_word' id='word_1_162' title='bbox 632 1948 671 2018; x_wconf 80' lang='lat' dir='ltr'>k),</span> <span class='ocrx_word' id='word_1_163' title='bbox 697 1947 733 2005; x_wconf 89' lang='lat' dir='ltr'>ad</span> <span class='ocrx_word' id='word_1_164' title='bbox 754 1951 888 2005; x_wconf 86' lang='lat' dir='ltr'>naturam</span> <span class='ocrx_word' id='word_1_165' title='bbox 910 1947 1083 2006; x_wconf 86' lang='lat' dir='ltr'>substantiae</span> <span class='ocrx_word' id='word_1_166' title='bbox 1105 1969 1258 2026; x_wconf 78' lang='lat' dir='ltr'>corporea</span> 
     </span>
     <span class='ocr_line' id='line_1_21' title="bbox 179 2026 1259 2103; baseline 0.006 -18"><span class='ocrx_word' id='word_1_167' title='bbox 179 2047 411 2103; x_wconf 88' lang='lat' dir='ltr'>unamquamque</span> <span class='ocrx_word' id='word_1_168' title='bbox 441 2032 554 2102; x_wconf 88' lang='lat' dir='ltr'>partem</span> <span class='ocrx_word' id='word_1_169' title='bbox 575 2029 606 2100; x_wconf 77' lang='lat' dir='ltr'>k)</span> <span class='ocrx_word' id='word_1_170' title='bbox 637 2027 791 2101; x_wconf 89' lang='lat' dir='ltr'>pertinere,</span> <span class='ocrx_word' id='word_1_171' title='bbox 824 2046 877 2084; x_wconf 92' lang='lat' dir='ltr'>nec</span> <span class='ocrx_word' id='word_1_172' title='bbox 908 2026 970 2085; x_wconf 86' lang='lat' dir='ltr'>siue</span> <span class='ocrx_word' id='word_1_173' title='bbox 1001 2047 1036 2086; x_wconf 90' lang='lat' dir='ltr'>ea</span> <span class='ocrx_word' id='word_1_174' title='bbox 1057 2030 1080 2101; x_wconf 87' lang='lat' dir='ltr'>l)</span> <span class='ocrx_word' id='word_1_175' title='bbox 1109 2048 1179 2089; x_wconf 83' lang='lat' dir='ltr'>esse</span> <span class='ocrx_word' id='word_1_176' title='bbox 1207 2037 1259 2090; x_wconf 90' lang='lat' dir='ltr'>aut</span> 
     </span>
     <span class='ocr_line' id='line_1_22' title="bbox 179 2106 403 2182; baseline -0.004 -16"><span class='ocrx_word' id='word_1_177' title='bbox 179 2106 289 2182; x_wconf 91' lang='lat' dir='ltr'>concipi</span> <span class='ocrx_word' id='word_1_178' title='bbox 311 2127 403 2182; x_wconf 84' lang='lat' dir='ltr'>posse.</span> 
     </span>
    </p>

    <p class='ocr_par' dir='ltr' id='par_1_4' title="bbox 178 2187 1259 2742">
     <span class='ocr_line' id='line_1_23' title="bbox 218 2187 1259 2268; baseline 0.005 -23"><span class='ocrx_word' id='word_1_179' title='bbox 218 2190 259 2260; x_wconf 84' lang='lat' dir='ltr'>m)</span> <span class='ocrx_word' id='word_1_180' title='bbox 281 2188 369 2246; x_wconf 86' lang='lat' dir='ltr'>Vides</span> <span class='ocrx_word' id='word_1_181' title='bbox 389 2187 488 2262; x_wconf 84' lang='lat' dir='ltr'>igitur,</span> <span class='ocrx_word' id='word_1_182' title='bbox 511 2207 568 2263; x_wconf 87' lang='lat' dir='ltr'>qua</span> <span class='ocrx_word' id='word_1_183' title='bbox 588 2187 709 2255; x_wconf 84' lang='lat' dir='ltr'>ratione,</span> <span class='ocrx_word' id='word_1_184' title='bbox 731 2192 761 2245; x_wconf 91' lang='lat' dir='ltr'>et</span> <span class='ocrx_word' id='word_1_185' title='bbox 774 2187 916 2246; x_wconf 86' lang='lat' dir='ltr'>rationem</span> <span class='ocrx_word' id='word_1_186' title='bbox 932 2207 991 2257; x_wconf 92' lang='lat' dir='ltr'>cur,</span> <span class='ocrx_word' id='word_1_187' title='bbox 1004 2188 1129 2246; x_wconf 84' lang='lat' dir='ltr'>sentiam</span> <span class='ocrx_word' id='word_1_188' title='bbox 1143 2190 1259 2268; x_wconf 80' lang='lat' dir='ltr'>Corpus</span> 
     </span>
     <span class='ocr_line' id='line_1_24' title="bbox 179 2267 1257 2343; baseline 0.004 -17"><span class='ocrx_word' id='word_1_189' title='bbox 179 2269 335 2326; x_wconf 85' lang='lat' dir='ltr'>humanum</span> <span class='ocrx_word' id='word_1_190' title='bbox 369 2274 482 2343; x_wconf 87' lang='lat' dir='ltr'>partem</span> <span class='ocrx_word' id='word_1_191' title='bbox 517 2288 579 2326; x_wconf 86' lang='lat' dir='ltr'>esse</span> <span class='ocrx_word' id='word_1_192' title='bbox 614 2268 731 2326; x_wconf 80' lang='lat' dir='ltr'>Naturae</span> <span class='ocrx_word' id='word_1_193' title='bbox 743 2269 799 2340; x_wconf 84' lang='lat' dir='ltr'>m):</span> <span class='ocrx_word' id='word_1_194' title='bbox 832 2267 905 2342; x_wconf 87' lang='lat' dir='ltr'>quod</span> <span class='ocrx_word' id='word_1_195' title='bbox 939 2271 1036 2325; x_wconf 90' lang='lat' dir='ltr'>autem</span> <span class='ocrx_word' id='word_1_196' title='bbox 1058 2270 1096 2326; x_wconf 88' lang='lat' dir='ltr'>ad</span> <span class='ocrx_word' id='word_1_197' title='bbox 1124 2271 1257 2330; x_wconf 91' lang='lat' dir='ltr'>Mentem</span> 
     </span>
     <span class='ocr_line' id='line_1_25' title="bbox 179 2348 1257 2423; baseline 0.005 -17"><span class='ocrx_word' id='word_1_198' title='bbox 179 2349 333 2407; x_wconf 85' lang='lat' dir='ltr'>humanam</span> <span class='ocrx_word' id='word_1_199' title='bbox 365 2348 480 2419; x_wconf 86' lang='lat' dir='ltr'>attinet,</span> <span class='ocrx_word' id='word_1_200' title='bbox 513 2368 576 2406; x_wconf 89' lang='lat' dir='ltr'>eam</span> <span class='ocrx_word' id='word_1_201' title='bbox 609 2348 695 2406; x_wconf 86' lang='lat' dir='ltr'>etiam</span> <span class='ocrx_word' id='word_1_202' title='bbox 717 2354 829 2423; x_wconf 85' lang='lat' dir='ltr'>partem</span> <span class='ocrx_word' id='word_1_203' title='bbox 851 2348 969 2405; x_wconf 81' lang='lat' dir='ltr'>Naturae</span> <span class='ocrx_word' id='word_1_204' title='bbox 991 2350 1023 2420; x_wconf 80' lang='lat' dir='ltr'>n)</span> <span class='ocrx_word' id='word_1_205' title='bbox 1045 2368 1109 2407; x_wconf 83' lang='lat' dir='ltr'>esse</span> <span class='ocrx_word' id='word_1_206' title='bbox 1131 2370 1257 2423; x_wconf 81' lang='lat' dir='ltr'>cense03</span> 
     </span>
     <span class='ocr_line' id='line_1_26' title="bbox 179 2427 1256 2503; baseline 0.006 -18"><span class='ocrx_word' id='word_1_207' title='bbox 179 2427 280 2503; x_wconf 81' lang='lat' dir='ltr'>nemp&#39;e</span> <span class='ocrx_word' id='word_1_208' title='bbox 301 2429 369 2503; x_wconf 88' lang='lat' dir='ltr'>quia</span> <span class='ocrx_word' id='word_1_209' title='bbox 390 2433 497 2499; x_wconf 85' lang='lat' dir='ltr'>statuo,</span> <span class='ocrx_word' id='word_1_210' title='bbox 519 2428 581 2486; x_wconf 90' lang='lat' dir='ltr'>dari</span> <span class='ocrx_word' id='word_1_211' title='bbox 603 2429 689 2486; x_wconf 89' lang='lat' dir='ltr'>etiam</span> <span class='ocrx_word' id='word_1_212' title='bbox 712 2430 739 2502; x_wconf 85' lang='lat' dir='ltr'>o)</span> <span class='ocrx_word' id='word_1_213' title='bbox 760 2428 790 2485; x_wconf 94' lang='lat' dir='ltr'>in</span> <span class='ocrx_word' id='word_1_214' title='bbox 804 2429 916 2485; x_wconf 85' lang='lat' dir='ltr'>Natura</span> <span class='ocrx_word' id='word_1_215' title='bbox 930 2428 1091 2502; x_wconf 89' lang='lat' dir='ltr'>potentiam</span> <span class='ocrx_word' id='word_1_216' title='bbox 1106 2430 1256 2491; x_wconf 88' lang='lat' dir='ltr'>infinitam</span> 
     </span>
     <span class='ocr_line' id='line_1_27' title="bbox 179 2508 1256 2583; baseline 0.006 -19"><span class='ocrx_word' id='word_1_217' title='bbox 179 2508 335 2582; x_wconf 83' lang='lat' dir='ltr'>cogitandi,</span> <span class='ocrx_word' id='word_1_218' title='bbox 358 2528 433 2582; x_wconf 85' lang='lat' dir='ltr'>quae,</span> <span class='ocrx_word' id='word_1_219' title='bbox 449 2511 591 2583; x_wconf 89' lang='lat' dir='ltr'>quatenus</span> <span class='ocrx_word' id='word_1_220' title='bbox 601 2508 723 2578; x_wconf 88' lang='lat' dir='ltr'>infinita,</span> <span class='ocrx_word' id='word_1_221' title='bbox 735 2508 765 2567; x_wconf 92' lang='lat' dir='ltr'>in</span> <span class='ocrx_word' id='word_1_222' title='bbox 779 2528 810 2566; x_wconf 88' lang='lat' dir='ltr'>se</span> <span class='ocrx_word' id='word_1_223' title='bbox 821 2508 949 2566; x_wconf 89' lang='lat' dir='ltr'>continet</span> <span class='ocrx_word' id='word_1_224' title='bbox 955 2509 991 2583; x_wconf 79' lang='lat' dir='ltr'>p)</span> <span class='ocrx_word' id='word_1_225' title='bbox 1004 2513 1095 2567; x_wconf 87' lang='lat' dir='ltr'>totam</span> <span class='ocrx_word' id='word_1_226' title='bbox 1108 2510 1256 2571; x_wconf 88' lang='lat' dir='ltr'>Naturam</span> 
     </span>
     <span class='ocr_line' id='line_1_28' title="bbox 178 2588 1257 2663; baseline 0.006 -18"><span class='ocrx_word' id='word_1_227' title='bbox 178 2588 320 2663; x_wconf 82' lang='lat' dir='ltr'>objectiva</span> <span class='ocrx_word' id='word_1_228' title='bbox 342 2606 380 2662; x_wconf 75' lang='lat' dir='ltr'>q),</span> <span class='ocrx_word' id='word_1_229' title='bbox 410 2593 439 2645; x_wconf 91' lang='lat' dir='ltr'>et</span> <span class='ocrx_word' id='word_1_230' title='bbox 460 2588 542 2663; x_wconf 88' lang='lat' dir='ltr'>cujus</span> <span class='ocrx_word' id='word_1_231' title='bbox 563 2590 590 2660; x_wconf 87' lang='grc' dir='ltr'>ν)</span> <span class='ocrx_word' id='word_1_232' title='bbox 612 2589 803 2662; x_wconf 81' lang='lat' dir='ltr'>cogitationes</span> <span class='ocrx_word' id='word_1_233' title='bbox 814 2592 839 2662; x_wconf 80' lang='lat' dir='ltr'>s)</span> <span class='ocrx_word' id='word_1_234' title='bbox 860 2590 1021 2663; x_wconf 84' lang='lat' dir='ltr'>procedunt</span> <span class='ocrx_word' id='word_1_235' title='bbox 1043 2590 1144 2648; x_wconf 88' lang='lat' dir='ltr'>eodem</span> <span class='ocrx_word' id='word_1_236' title='bbox 1167 2595 1257 2652; x_wconf 90' lang='lat' dir='ltr'>modo</span> 
     </span>
     <span class='ocr_line' id='line_1_29' title="bbox 178 2667 785 2742; baseline 0.003 -17"><span class='ocrx_word' id='word_1_237' title='bbox 178 2688 211 2725; x_wconf 89' lang='lat' dir='ltr'>ac</span> <span class='ocrx_word' id='word_1_238' title='bbox 223 2677 245 2738; x_wconf 72' lang='lat' dir='ltr'>t)</span> <span class='ocrx_word' id='word_1_239' title='bbox 267 2668 387 2737; x_wconf 86' lang='lat' dir='ltr'>Natura,</span> <span class='ocrx_word' id='word_1_240' title='bbox 410 2668 471 2742; x_wconf 89' lang='lat' dir='ltr'>ojus</span> <span class='ocrx_word' id='word_1_241' title='bbox 493 2667 626 2725; x_wconf 90' lang='lat' dir='ltr'>nimirum</span> <span class='ocrx_word' id='word_1_242' title='bbox 647 2668 785 2728; x_wconf 87' lang='lat' dir='ltr'>ideatum.</span> 
     </span>
    </p>

    <p class='ocr_par' dir='ltr' id='par_1_5' title="bbox 145 2748 1258 3139">
     <span class='ocr_line' id='line_1_30' title="bbox 218 2748 1257 2826; baseline 0.005 -21"><span class='ocrx_word' id='word_1_243' title='bbox 218 2748 329 2806; x_wconf 81' lang='lat' dir='ltr'>Deinde</span> <span class='ocrx_word' id='word_1_244' title='bbox 351 2749 476 2805; x_wconf 89' lang='lat' dir='ltr'>Mentem</span> <span class='ocrx_word' id='word_1_245' title='bbox 498 2749 652 2806; x_wconf 85' lang='lat' dir='ltr'>humanam</span> <span class='ocrx_word' id='word_1_246' title='bbox 674 2750 750 2807; x_wconf 85' lang='lat' dir='ltr'>hanc</span> <span class='ocrx_word' id='word_1_247' title='bbox 771 2750 890 2807; x_wconf 88' lang='lat' dir='ltr'>eandem</span> <span class='ocrx_word' id='word_1_248' title='bbox 911 2749 1071 2824; x_wconf 89' lang='lat' dir='ltr'>potentiam</span> <span class='ocrx_word' id='word_1_249' title='bbox 1094 2755 1198 2810; x_wconf 87' lang='lat' dir='ltr'>statuo</span> <span class='ocrx_word' id='word_1_250' title='bbox 1219 2758 1257 2826; x_wconf 83' lang='lat' dir='ltr'>c),</span> 
     </span>
     <span class='ocr_line' id='line_1_31' title="bbox 178 2828 1258 2907; baseline 0.006 -21"><span class='ocrx_word' id='word_1_251' title='bbox 178 2846 234 2886; x_wconf 90' lang='lat' dir='ltr'>non</span> <span class='ocrx_word' id='word_1_252' title='bbox 257 2834 399 2904; x_wconf 89' lang='lat' dir='ltr'>quatenus</span> <span class='ocrx_word' id='word_1_253' title='bbox 419 2828 570 2898; x_wconf 87' lang='lat' dir='ltr'>infinitam,</span> <span class='ocrx_word' id='word_1_254' title='bbox 593 2834 622 2887; x_wconf 91' lang='lat' dir='ltr'>et</span> <span class='ocrx_word' id='word_1_255' title='bbox 643 2833 735 2886; x_wconf 88' lang='lat' dir='ltr'>totam</span> <span class='ocrx_word' id='word_1_256' title='bbox 756 2829 897 2887; x_wconf 89' lang='lat' dir='ltr'>Naturam</span> <span class='ocrx_word' id='word_1_257' title='bbox 919 2829 1137 2904; x_wconf 87' lang='lat' dir='ltr'>percipientem,</span> <span class='ocrx_word' id='word_1_258' title='bbox 1159 2835 1212 2891; x_wconf 83' lang='lat' dir='ltr'>sed</span> <span class='ocrx_word' id='word_1_259' title='bbox 1225 2836 1258 2907; x_wconf 71' lang='lat' dir='ltr'>a)</span> 
     </span>
     <span class='ocr_line' id='line_1_32' title="bbox 145 2909 1257 2990; baseline 0.003 -24"><span class='ocrx_word' id='word_1_260' title='bbox 145 2929 152 2934; x_wconf 93' lang='lat'>·</span> <span class='ocrx_word' id='word_1_261' title='bbox 178 2909 298 2979; x_wconf 88' lang='lat' dir='ltr'>finitam,</span> <span class='ocrx_word' id='word_1_262' title='bbox 321 2929 423 2984; x_wconf 90' lang='lat' dir='ltr'>nempe</span> <span class='ocrx_word' id='word_1_263' title='bbox 445 2914 588 2985; x_wconf 85' lang='lat' dir='ltr'>quatenus</span> <span class='ocrx_word' id='word_1_264' title='bbox 610 2914 724 2968; x_wconf 90' lang='lat' dir='ltr'>tantum</span> <span class='ocrx_word' id='word_1_265' title='bbox 746 2911 903 2968; x_wconf 87' lang='lat' dir='ltr'>humanum</span> <span class='ocrx_word' id='word_1_266' title='bbox 932 2910 1042 2984; x_wconf 81' lang='lat' dir='ltr'>Corpus</span> <span class='ocrx_word' id='word_1_267' title='bbox 1063 2911 1190 2986; x_wconf 89' lang='lat' dir='ltr'>percipit</span> <span class='ocrx_word' id='word_1_268' title='bbox 1216 2921 1257 2990; x_wconf 73' lang='lat' dir='ltr'>p),</span> 
     </span>
     <span class='ocr_line' id='line_1_33' title="bbox 178 2989 1258 3065; baseline 0.006 -19"><span class='ocrx_word' id='word_1_269' title='bbox 178 2995 207 3047; x_wconf 91' lang='lat' dir='ltr'>et</span> <span class='ocrx_word' id='word_1_270' title='bbox 240 2991 295 3047; x_wconf 88' lang='lat' dir='ltr'>hac</span> <span class='ocrx_word' id='word_1_271' title='bbox 326 2989 438 3047; x_wconf 91' lang='lat' dir='ltr'>ratione</span> <span class='ocrx_word' id='word_1_272' title='bbox 470 2992 598 3049; x_wconf 89' lang='lat' dir='ltr'>Mentem</span> <span class='ocrx_word' id='word_1_273' title='bbox 630 2992 785 3048; x_wconf 86' lang='lat' dir='ltr'>humanam</span> <span class='ocrx_word' id='word_1_274' title='bbox 816 2995 928 3065; x_wconf 89' lang='lat' dir='ltr'>partem</span> <span class='ocrx_word' id='word_1_275' title='bbox 963 2991 1111 3065; x_wconf 87' lang='lat' dir='ltr'>cujusdam</span> <span class='ocrx_word' id='word_1_276' title='bbox 1144 2992 1258 3052; x_wconf 86' lang='lat' dir='ltr'>infiniti</span> 
     </span>
     <span class='ocr_line' id='line_1_34' title="bbox 176 3069 520 3139; baseline 0.012 -13"><span class='ocrx_word' id='word_1_277' title='bbox 176 3069 344 3128; x_wconf 85' lang='lat' dir='ltr'>intellectus</span> <span class='ocrx_word' id='word_1_278' title='bbox 365 3075 462 3129; x_wconf 87' lang='lat' dir='ltr'>statuo</span> <span class='ocrx_word' id='word_1_279' title='bbox 483 3083 520 3139; x_wconf 79' lang='lat' dir='ltr'>z).</span> 
     </span>
    </p>
   </div>
   <div class='ocr_carea' id='block_1_3' title="bbox 173 3239 1258 3859">
    <p class='ocr_par' dir='ltr' id='par_1_6' title="bbox 173 3239 1258 3859">
     <span class='ocr_line' id='line_1_35' title="bbox 210 3239 1257 3296; baseline 0.004 -13"><span class='ocrx_word' id='word_1_280' title='bbox 210 3250 235 3283; x_wconf 83' lang='grc' dir='ltr'>(ιι</span> <span class='ocrx_word' id='word_1_281' title='bbox 258 3240 339 3284; x_wconf 91' lang='lat' dir='ltr'>omitt.</span> <span class='ocrx_word' id='word_1_282' title='bbox 364 3239 431 3284; x_wconf 88' lang='lat' dir='ltr'>hanc</span> <span class='ocrx_word' id='word_1_283' title='bbox 449 3240 614 3285; x_wconf 87' lang='lat' dir='ltr'>sententiam.</span> <span class='ocrx_word' id='word_1_284' title='bbox 662 3239 684 3291; x_wconf 85' lang='lat' dir='ltr'>b)</span> <span class='ocrx_word' id='word_1_285' title='bbox 702 3239 778 3282; x_wconf 69' lang='lat' dir='ltr'>airnul</span> <span class='ocrx_word' id='word_1_286' title='bbox 793 3239 884 3285; x_wconf 82' lang='lat' dir='ltr'>eudem.</span> <span class='ocrx_word' id='word_1_287' title='bbox 932 3239 954 3292; x_wconf 87' lang='lat' dir='ltr'>c)</span> <span class='ocrx_word' id='word_1_288' title='bbox 966 3243 1067 3296; x_wconf 78' lang='lat' dir='ltr'>partem</span> <span class='ocrx_word' id='word_1_289' title='bbox 1083 3252 1134 3283; x_wconf 81' lang='lat' dir='ltr'>ecoe</span> <span class='ocrx_word' id='word_1_290' title='bbox 1152 3244 1194 3286; x_wconf 74' lang='lat' dir='ltr'>tot.</span> <span class='ocrx_word' id='word_1_291' title='bbox 1214 3257 1257 3288; x_wconf 72' lang='lat' dir='ltr'>ern.</span> 
     </span>
     <span class='ocr_line' id='line_1_36' title="bbox 209 3301 1258 3359; baseline 0.004 -14"><span class='ocrx_word' id='word_1_292' title='bbox 209 3301 233 3359; x_wconf 79' lang='lat' dir='ltr'>d)</span> <span class='ocrx_word' id='word_1_293' title='bbox 252 3302 360 3346; x_wconf 81' lang='lat' dir='ltr'>limitata</span> <span class='ocrx_word' id='word_1_294' title='bbox 376 3307 403 3346; x_wconf 80' lang='lat' dir='ltr'>ut</span> <span class='ocrx_word' id='word_1_295' title='bbox 419 3306 463 3346; x_wconf 78' lang='lat' dir='ltr'>nat</span> <span class='ocrx_word' id='word_1_296' title='bbox 479 3314 499 3346; x_wconf 82' lang='lat' dir='ltr'>s.</span> <span class='ocrx_word' id='word_1_297' title='bbox 584 3302 629 3358; x_wconf 69' lang='lat' dir='ltr'>ee)</span> <span class='ocrx_word' id='word_1_298' title='bbox 648 3302 700 3346; x_wconf 80' lang='lat' dir='ltr'>ideo</span> <span class='ocrx_word' id='word_1_299' title='bbox 716 3302 769 3357; x_wconf 75' lang='lat' dir='ltr'>eJ&#39;uc</span> <span class='ocrx_word' id='word_1_300' title='bbox 781 3302 897 3358; x_wconf 79' lang='lat' dir='ltr'>partium</span> <span class='ocrx_word' id='word_1_301' title='bbox 914 3302 1071 3357; x_wconf 63' lang='lat' dir='ltr'>variationes,</span> <span class='ocrx_word' id='word_1_302' title='bbox 1087 3316 1142 3358; x_wconf 70' lang='lat' dir='ltr'>quw</span> <span class='ocrx_word' id='word_1_303' title='bbox 1160 3302 1191 3346; x_wconf 82' lang='lat' dir='ltr'>cb</span> <span class='ocrx_word' id='word_1_304' title='bbox 1208 3305 1258 3349; x_wconf 80' lang='lat' dir='ltr'>hoc</span> 
     </span>
     <span class='ocr_line' id='line_1_37' title="bbox 176 3363 1190 3421; baseline 0.002 -13"><span class='ocrx_word' id='word_1_305' title='bbox 176 3366 277 3421; x_wconf 75' lang='lat' dir='ltr'>infinita</span> <span class='ocrx_word' id='word_1_306' title='bbox 290 3365 406 3421; x_wconf 71' lang='lat' dir='ltr'>potentia</span> <span class='ocrx_word' id='word_1_307' title='bbox 422 3365 537 3421; x_wconf 69' lang='lat' dir='ltr'>crineeqm&#39;</span> <span class='ocrx_word' id='word_1_308' title='bbox 549 3368 662 3421; x_wconf 73' lang='lat' dir='ltr'>possunt,</span> <span class='ocrx_word' id='word_1_309' title='bbox 680 3364 786 3420; x_wconf 62' lang='lat' dir='ltr'>infinito)</span> <span class='ocrx_word' id='word_1_310' title='bbox 803 3363 887 3408; x_wconf 80' lang='lat' dir='ltr'>debent</span> <span class='ocrx_word' id='word_1_311' title='bbox 904 3377 964 3408; x_wconf 76' lang='lat' dir='ltr'>esce.</span> <span class='ocrx_word' id='word_1_312' title='bbox 1059 3365 1082 3419; x_wconf 76' lang='lat' dir='ltr'>f}</span> <span class='ocrx_word' id='word_1_313' title='bbox 1100 3364 1190 3410; x_wconf 84' lang='lat' dir='ltr'>Porro.</span> 
     </span>
     <span class='ocr_line' id='line_1_38' title="bbox 209 3425 1257 3483; baseline 0.004 -13"><span class='ocrx_word' id='word_1_314' title='bbox 209 3428 261 3483; x_wconf 76' lang='lat' dir='ltr'>p-h)</span> <span class='ocrx_word' id='word_1_315' title='bbox 274 3441 325 3471; x_wconf 84' lang='lat' dir='ltr'>cum</span> <span class='ocrx_word' id='word_1_316' title='bbox 341 3427 369 3471; x_wconf 82' lang='lat' dir='ltr'>de</span> <span class='ocrx_word' id='word_1_317' title='bbox 381 3426 456 3472; x_wconf 71' lang='lat' dir='ltr'>cubat.</span> <span class='ocrx_word' id='word_1_318' title='bbox 470 3431 565 3471; x_wconf 81' lang='lat' dir='ltr'>notura</span> <span class='ocrx_word' id='word_1_319' title='bbox 579 3427 725 3477; x_wconf 64' lang='lat' dir='ltr'>(zotantehac</span> <span class='ocrx_word' id='word_1_320' title='bbox 737 3427 783 3470; x_wconf 67' lang='grc' dir='ltr'>Βῆ.</span> <span class='ocrx_word' id='word_1_321' title='bbox 796 3426 852 3470; x_wconf 82' lang='lat' dir='ltr'>adh.</span> <span class='ocrx_word' id='word_1_322' title='bbox 866 3425 919 3470; x_wconf 83' lang='lat' dir='ltr'>hab.</span> <span class='ocrx_word' id='word_1_323' title='bbox 932 3440 982 3471; x_wconf 81' lang='lat' dir='ltr'>con.</span> <span class='ocrx_word' id='word_1_324' title='bbox 993 3439 1047 3469; x_wconf 78' lang='lat' dir='ltr'>oum</span> <span class='ocrx_word' id='word_1_325' title='bbox 1057 3426 1202 3483; x_wconf 69' lang='lat' dir='ltr'>demonstr.)</span> <span class='ocrx_word' id='word_1_326' title='bbox 1212 3432 1257 3475; x_wconf 78' lang='lat' dir='ltr'>cit.</span> 
     </span>
     <span class='ocr_line' id='line_1_39' title="bbox 209 3488 1256 3546; baseline 0.003 -14"><span class='ocrx_word' id='word_1_327' title='bbox 209 3491 227 3546; x_wconf 79' lang='grc' dir='ltr'>ι’)</span> <span class='ocrx_word' id='word_1_328' title='bbox 246 3490 355 3546; x_wconf 77' lang='lat' dir='ltr'>infinito,</span> <span class='ocrx_word' id='word_1_329' title='bbox 372 3490 434 3534; x_wconf 77' lang='lat' dir='ltr'>hinc.</span> <span class='ocrx_word' id='word_1_330' title='bbox 493 3488 545 3544; x_wconf 75' lang='lat' dir='ltr'>k-k)</span> <span class='ocrx_word' id='word_1_331' title='bbox 563 3503 655 3546; x_wconf 71' lang='lat' dir='ltr'>rrnanrq</span> <span class='ocrx_word' id='word_1_332' title='bbox 677 3493 777 3546; x_wconf 66' lang='lat' dir='ltr'>purtem</span> <span class='ocrx_word' id='word_1_333' title='bbox 795 3490 870 3533; x_wconf 72' lang='lat' dir='ltr'>totius</span> <span class='ocrx_word' id='word_1_334' title='bbox 886 3488 960 3533; x_wconf 72' lang='lat' dir='ltr'>succ.</span> <span class='ocrx_word' id='word_1_335' title='bbox 978 3502 1044 3545; x_wconf 77' lang='lat' dir='ltr'>corp.</span> <span class='ocrx_word' id='word_1_336' title='bbox 1061 3489 1094 3532; x_wconf 79' lang='lat' dir='ltr'>ad</span> <span class='ocrx_word' id='word_1_337' title='bbox 1111 3492 1256 3535; x_wconf 78' lang='lat' dir='ltr'>tctamauh-</span> 
     </span>
     <span class='ocr_line' id='line_1_40' title="bbox 173 3550 1258 3610; baseline 0.002 -14"><span class='ocrx_word' id='word_1_338' title='bbox 173 3554 306 3596; x_wconf 68' lang='lat' dir='ltr'>ciantium.</span> <span class='ocrx_word' id='word_1_339' title='bbox 356 3552 374 3607; x_wconf 76' lang='lat' dir='ltr'>l)</span> <span class='ocrx_word' id='word_1_340' title='bbox 392 3553 445 3595; x_wconf 77' lang='lat' dir='ltr'>cine</span> <span class='ocrx_word' id='word_1_341' title='bbox 461 3552 560 3609; x_wconf 84' lang='lat' dir='ltr'>reliqua</span> <span class='ocrx_word' id='word_1_342' title='bbox 577 3550 726 3596; x_wconf 74' lang='lat' dir='ltr'>substantio.</span> <span class='ocrx_word' id='word_1_343' title='bbox 776 3562 843 3603; x_wconf 73' lang='lat' dir='ltr'>m-m)</span> <span class='ocrx_word' id='word_1_344' title='bbox 861 3552 907 3595; x_wconf 82' lang='lat' dir='ltr'>hcc</span> <span class='ocrx_word' id='word_1_345' title='bbox 924 3552 1003 3607; x_wconf 69' lang='lat' dir='ltr'>ipitur</span> <span class='ocrx_word' id='word_1_346' title='bbox 1021 3552 1049 3595; x_wconf 81' lang='lat' dir='ltr'>de</span> <span class='ocrx_word' id='word_1_347' title='bbox 1065 3565 1143 3595; x_wconf 73' lang='lat' dir='ltr'>carcaa</span> <span class='ocrx_word' id='word_1_348' title='bbox 1160 3566 1258 3610; x_wconf 71' lang='lat' dir='ltr'>corpu-o</span> 
     </span>
     <span class='ocr_line' id='line_1_41' title="bbox 178 3613 1256 3671; baseline 0.002 -13"><span class='ocrx_word' id='word_1_349' title='bbox 178 3614 243 3659; x_wconf 70' lang='lat' dir='ltr'>hrum.</span> <span class='ocrx_word' id='word_1_350' title='bbox 257 3618 356 3671; x_wconf 64' lang='lat' dir='ltr'>portem</span> <span class='ocrx_word' id='word_1_351' title='bbox 375 3615 484 3658; x_wconf 76' lang='lat' dir='ltr'>univercr&#39;</span> <span class='ocrx_word' id='word_1_352' title='bbox 500 3618 589 3658; x_wconf 74' lang='lat' dir='ltr'>statuo.</span> <span class='ocrx_word' id='word_1_353' title='bbox 647 3620 673 3669; x_wconf 73' lang='lat' dir='ltr'>n)</span> <span class='ocrx_word' id='word_1_354' title='bbox 691 3619 792 3658; x_wconf 76' lang='lat' dir='ltr'>arentem</span> <span class='ocrx_word' id='word_1_355' title='bbox 810 3614 863 3670; x_wconf 80' lang='lat' dir='ltr'>ejuc</span> <span class='ocrx_word' id='word_1_356' title='bbox 879 3613 944 3671; x_wconf 81' lang='lat' dir='ltr'>quod</span> <span class='ocrx_word' id='word_1_357' title='bbox 959 3614 1047 3658; x_wconf 75' lang='lat' dir='ltr'>attinet</span> <span class='ocrx_word' id='word_1_358' title='bbox 1059 3618 1161 3670; x_wconf 78' lang='lat' dir='ltr'>purtem</span> <span class='ocrx_word' id='word_1_359' title='bbox 1178 3617 1256 3660; x_wconf 78' lang='lat' dir='ltr'>etiam</span> 
     </span>
     <span class='ocr_line' id='line_1_42' title="bbox 178 3675 1256 3735; baseline 0.002 -15"><span class='ocrx_word' id='word_1_360' title='bbox 178 3677 294 3722; x_wconf 79' lang='lat' dir='ltr'>universi.</span> <span class='ocrx_word' id='word_1_361' title='bbox 349 3675 371 3731; x_wconf 78' lang='lat' dir='ltr'>o)</span> <span class='ocrx_word' id='word_1_362' title='bbox 390 3677 471 3721; x_wconf 88' lang='lat' dir='ltr'>omitt.</span> <span class='ocrx_word' id='word_1_363' title='bbox 488 3675 569 3720; x_wconf 76' lang='lat' dir='ltr'>etiam.</span> <span class='ocrx_word' id='word_1_364' title='bbox 614 3675 643 3732; x_wconf 79' lang='lat' dir='ltr'>p)</span> <span class='ocrx_word' id='word_1_365' title='bbox 660 3682 723 3723; x_wconf 80' lang='lat' dir='ltr'>cont.</span> <span class='ocrx_word' id='word_1_366' title='bbox 740 3678 767 3720; x_wconf 79' lang='lat' dir='ltr'>in</span> <span class='ocrx_word' id='word_1_367' title='bbox 784 3690 816 3721; x_wconf 80' lang='lat' dir='ltr'>se.</span> <span class='ocrx_word' id='word_1_368' title='bbox 865 3684 889 3734; x_wconf 75' lang='lat' dir='ltr'>q)</span> <span class='ocrx_word' id='word_1_369' title='bbox 907 3676 950 3732; x_wconf 81' lang='lat' dir='ltr'>obj.</span> <span class='ocrx_word' id='word_1_370' title='bbox 969 3681 1009 3721; x_wconf 79' lang='lat' dir='ltr'>tot.</span> <span class='ocrx_word' id='word_1_371' title='bbox 1026 3676 1084 3720; x_wconf 75' lang='lat' dir='ltr'>Nar.</span> <span class='ocrx_word' id='word_1_372' title='bbox 1136 3676 1159 3735; x_wconf 84' lang='lat' dir='ltr'>r)</span> <span class='ocrx_word' id='word_1_373' title='bbox 1178 3678 1256 3734; x_wconf 70' lang='lat' dir='ltr'>huJ&#39;ua</span> 
     </span>
     <span class='ocr_line' id='line_1_43' title="bbox 179 3738 1255 3796; baseline 0.001 -12"><span class='ocrx_word' id='word_1_374' title='bbox 179 3753 242 3784; x_wconf 78' lang='lat' dir='ltr'>vcro.</span> <span class='ocrx_word' id='word_1_375' title='bbox 313 3740 335 3796; x_wconf 81' lang='lat' dir='ltr'>c)</span> <span class='ocrx_word' id='word_1_376' title='bbox 352 3752 402 3795; x_wconf 78' lang='lat' dir='ltr'>cop.</span> <span class='ocrx_word' id='word_1_377' title='bbox 428 3738 572 3783; x_wconf 79' lang='lat' dir='ltr'>eodem....</span> <span class='ocrx_word' id='word_1_378' title='bbox 585 3739 728 3794; x_wconf 73' lang='lat' dir='ltr'>procedunt.</span> <span class='ocrx_word' id='word_1_379' title='bbox 802 3739 820 3796; x_wconf 79' lang='lat' dir='ltr'>t)</span> <span class='ocrx_word' id='word_1_380' title='bbox 838 3753 867 3783; x_wconf 80' lang='lat' dir='ltr'>ar</span> <span class='ocrx_word' id='word_1_381' title='bbox 883 3739 948 3795; x_wconf 77' lang='lat' dir='ltr'>ipsu,</span> <span class='ocrx_word' id='word_1_382' title='bbox 1021 3743 1042 3787; x_wconf 79' lang='lat' dir='ltr'>v)</span> <span class='ocrx_word' id='word_1_383' title='bbox 1060 3739 1142 3783; x_wconf 86' lang='lat' dir='ltr'>omitt.</span> <span class='ocrx_word' id='word_1_384' title='bbox 1159 3745 1255 3785; x_wconf 68' lang='lat' dir='ltr'>arnaco.</span> 
     </span>
     <span class='ocr_line' id='line_1_44' title="bbox 210 3801 1187 3859; baseline -0.001 -13"><span class='ocrx_word' id='word_1_385' title='bbox 210 3803 237 3856; x_wconf 68' lang='lat' dir='ltr'>a)</span> <span class='ocrx_word' id='word_1_386' title='bbox 255 3802 297 3846; x_wconf 76' lang='lat' dir='ltr'>sed</span> <span class='ocrx_word' id='word_1_387' title='bbox 313 3806 440 3859; x_wconf 76' lang='lat' dir='ltr'>quatenus.</span> <span class='ocrx_word' id='word_1_388' title='bbox 566 3804 591 3856; x_wconf 73' lang='lat' dir='ltr'>pt</span> <span class='ocrx_word' id='word_1_389' title='bbox 610 3801 666 3844; x_wconf 83' lang='lat' dir='ltr'>add.</span> <span class='ocrx_word' id='word_1_390' title='bbox 684 3815 733 3847; x_wconf 74' lang='lat' dir='ltr'>ease</span> <span class='ocrx_word' id='word_1_391' title='bbox 750 3806 839 3846; x_wconf 71' lang='lat' dir='ltr'>stoico.</span> <span class='ocrx_word' id='word_1_392' title='bbox 965 3806 986 3846; x_wconf 66' lang='grc' dir='ltr'>κ)</span> <span class='ocrx_word' id='word_1_393' title='bbox 1003 3801 1111 3858; x_wconf 78' lang='lat' dir='ltr'>concipio</span> <span class='ocrx_word' id='word_1_394' title='bbox 1128 3815 1187 3846; x_wconf 77' lang='lat' dir='ltr'>ecoe.</span> 
     </span>
    </p>
   </div>
   <div class='ocr_carea' id='block_1_4' title="bbox 0 0 1336 4298">
    <p class='ocr_par' dir='ltr' id='par_1_7' title="bbox 0 0 1336 4298">
     <span class='ocr_line' id='line_1_45' title="bbox 0 0 1336 4298; baseline 0 1"><span class='ocrx_word' id='word_1_395' title='bbox 0 0 1336 4298; x_wconf 95' lang='lat' dir='ltr'> </span> 
     </span>
    </p>
   </div>
  </div>
 </body>
</html>
