2662 4298
130 325 169 382 96
581 338 748 378 rasorsrus

130 508 171 567 illi
191 507 299 583 templo
320 509 434 564 tantum
452 505 547 564 inesse
566 509 682 581 poterat
696 509 720 575 ¹¹¹,
742 505 877 581 quamdiu
897 508 934 565 ab
955 506 1128 580 hominibus,
1149 511 1201 586 qui

128 590 222 665 ipsum
249 587 358 657 colunt,
378 590 408 644 et
425 585 568 662 justitiam
589 586 755 656 defendunt,
776 585 991 661 frequentatum
1013 588 1090 662 quod
1111 589 1138 648 si
1161 593 1200 649 ab

129 668 287 738 homicidis,
318 665 439 737 furibus,
470 665 638 735 idololatris,
669 666 789 741 aliisque
813 666 931 726 nefariis
950 666 1115 727 hominibus
1136 669 1198 730 fre-

129 753 293 825 quentetur,
314 751 374 804 tum
396 747 510 804 foveam
531 745 627 822 potius
647 766 710 805 esse
724 751 979 820 transgressorum.
992 746 1066 818 Quid
1078 749 1114 808 ds
1124 770 1199 810 arca

129 828 245 888 dederis
275 829 384 885 factum
405 826 452 897 sit,
475 825 545 885 nihil
567 825 717 902 Scriptura
737 832 853 897 narrat;
875 828 949 902 quod
971 847 1049 903 saepo
1069 829 1199 890 miratus

128 929 206 979 sum3
239 909 294 966 hoc
317 912 415 965 tamen
436 911 546 965 certum
567 911 619 978 est,
641 908 761 965 eandem
781 905 909 982 periisse,
931 907 978 965 vel
999 928 1063 967 cum
1075 912 1198 987 *templo

26 1038 31 1051 .
129 991 307 1047 combustam
328 986 424 1058 fuisse,
447 986 501 1045 etsi
521 986 594 1045 nihil
603 987 697 1062 magis
707 1007 819 1046 sacrum
830 1007 883 1046 nec
893 987 1011 1063 majoris
1020 991 1198 1051 reverentiae

129 1070 205 1146 apud
227 1069 368 1127 Hebraeos
388 1067 451 1127 suit
473 1067 537 1126 Hac
556 1066 654 1143 itaque
675 1068 787 1126 ratione
808 1067 957 1143 Scriptura
977 1068 1064 1126 etiam
1081 1072 1197 1131 tamdiu

129 1170 212 1208 sacra
232 1155 286 1220 est,
307 1153 337 1207 et
357 1148 420 1224 ejus
440 1147 586 1207 orationes
606 1147 719 1219 divinae,
742 1146 877 1224 quamdiu
897 1148 1027 1207 homines
1047 1150 1085 1207 ad
1107 1151 1197 1210 devo·

128 1231 235 1289 tionem
256 1250 327 1305 erga
347 1230 440 1287 Deum
459 1234 573 1299 movet3
596 1229 645 1286 sed
667 1229 691 1287 si
712 1230 748 1287 ab
769 1228 870 1286 iisdem
884 1248 1002 1304 prorsus
1014 1229 1195 1306 negligatur,

127 1316 160 1369 ut
188 1310 254 1368 olim
276 1331 293 1369 a
313 1309 431 1380 Judaeis,
453 1308 524 1367 nihil
544 1314 589 1368 est
609 1313 716 1384 praeter
735 1310 866 1367 chartam
887 1314 917 1368 et
937 1313 1141 1382 atramentum,
1165 1318 1197 1371 et

127 1394 164 1450 ab
184 1391 285 1449 iisdem
299 1389 430 1448 absolute
446 1390 625 1465 profanatur,
637 1395 668 1448 et
677 1389 855 1464 corruptioni
865 1389 990 1448 obnoxia
1000 1389 1195 1466 relinquitur;

127 1472 247 1545 ideoque
267 1471 292 1528 si
313 1474 374 1527 tum
395 1468 587 1544 corrumpitur
607 1475 658 1528 aut
678 1468 762 1545 perit,
784 1469 856 1527 falso
871 1474 932 1528 tum
944 1469 1058 1540 dicitur,
1071 1474 1196 1532 verbum

129 1550 180 1609 uei
213 1549 357 1624 corrumpi
388 1554 439 1606 aut
469 1549 578 1624 perire:
600 1549 684 1608 sicuti
706 1549 792 1608 etiam
813 1555 942 1624 tempore
963 1549 1097 1610 Jeremiae
1118 1553 1195 1614 falso

130 1630 282 1700 diceretur,
313 1628 460 1704 templum,
493 1630 569 1704 quod
600 1634 662 1688 tum
689 1630 825 1706 temporis
855 1631 992 1705 templum
1024 1629 1077 1688 Dei
1105 1639 1194 1706 esset,

128 1710 250 1769 dammis
270 1709 399 1786 periisse.
421 1708 503 1778 Quod
524 1709 586 1785 ipse
606 1710 748 1769 Jeremias
762 1713 794 1744 ὕ*
815 1709 902 1769 etiam
923 1710 1031 1786 deipea
1043 1711 1195 1786 Legeait:

127 1791 168 1849 sic
199 1811 323 1866 namque
354 1788 457 1864 impios
483 1789 525 1847 sui
554 1791 692 1865 temporis
710 1791 852 1866 increpat,
873 1792 969 1848 ῦὍἎΠ
991 1792 1094 1848 mun
1116 1794 1197 1853 ΠΝ

127 1913 229 1970 nnuc
262 1914 332 1991 πρῖε
365 1912 412 1976 ur
445 1912 520 1976 arr
553 1883 643 1994 pri
675 1882 742 1969 sin
777 1913 849 1970 uos
882 1913 947 1969 run
983 1912 1073 1999 anm
1107 1915 1197 1974 uus

127 2040 185 2097 quc
207 2023 318 2078 ratione
338 2021 441 2088 dicitis,
459 2023 551 2095 periti
570 2039 677 2090 succus,
700 2028 724 2078 et
745 2022 789 2079 lec
811 2021 866 2079 Dei
890 2021 1107 2079 nobiscumest?
1121 2031 1196 2082 certe

125 2104 239 2170 trustra
269 2102 416 2159 adornata
447 2103 525 2176 sicin
549 2102 677 2159 colamus
697 2102 859 2159 scribarum
880 2103 995 2173 frustra
1016 2101 1111 2160 factus
1132 2109 1194 2175 est3

127 2183 179 2240 hoc
210 2185 262 2251 est,
295 2181 368 2239 falso
390 2179 491 2246 dicitis,
513 2201 575 2249 voe,
597 2181 651 2239 etsi
673 2180 822 2256 Scriptura
841 2200 930 2255 penes
950 2201 1003 2239 vos
1024 2186 1077 2252 est,
1097 2181 1194 2258 legem

127 2261 180 2320 Dei
210 2262 326 2331 habere,
358 2265 511 2337 postquam
544 2261 636 2336 ipsam
667 2261 780 2319 irritam
801 2260 917 2319 fecistis.
941 2261 987 2319 Sic
1008 2261 1104 2333 etiam,
1127 2283 1193 2322 cum
1253 2329 1260 2336 ‚

127 2343 221 2400 Moses
241 2342 348 2417 primas
368 2343 483 2400 tabulas
503 2342 600 2416 fregit,
622 2342 669 2399 ille
690 2341 807 2399 minime
828 2344 948 2399 verbum
970 2341 1022 2399 Dei
1044 2362 1106 2417 prae
1121 2343 1193 2402 irae

125 2422 256 2479 manibus
284 2421 369 2497 ejecit
399 2426 487 2496 atque
517 2421 606 2495 fregit
633 2421 708 2496 (nam
731 2421 795 2497 quis
817 2423 871 2480 hoc
892 2423 927 2480 de
948 2423 1029 2480 Mose
1050 2428 1081 2481 et
1101 2428 1192 2483 verbo

127 2501 177 2558 uei
209 2500 349 2575 suspicari
380 2504 498 2575 posset),
529 2502 580 2558 sed
606 2506 717 2559 tantum
740 2501 858 2576 lapides,
881 2502 930 2577 qui
951 2502 1083 2577 quamvis
1103 2510 1193 2564 autea

124 2580 199 2639 sacri
230 2585 336 2649 essent,
370 2579 438 2655 quia
468 2578 504 2637 iis
534 2580 703 2655 inscriptum
734 2586 798 2639 erat
821 2583 923 2653 foeduS,
945 2584 998 2640 sub
1019 2601 1075 2656 quo
1096 2584 1192 2645 Jud‘ei

129 2661 187 2718 lleo
229 2659 344 2718 obedire
376 2679 406 2718 se
447 2659 657 2734 obligaverant,
693 2667 799 2732 tamen,
836 2663 903 2738 quia
933 2668 1035 2738 postea
1066 2663 1191 2724 vitulum

126 2740 273 2799 adorando
304 2745 420 2815 pactum
451 2739 521 2797 illud
550 2740 663 2799 irritum
694 2742 833 2810 fecerant,
864 2742 970 2801 nullius
990 2763 1109 2818 prorsus
1129 2749 1191 2804 tum

125 2825 209 2879 errant
236 2819 417 2890 sanctitatis3
440 2825 469 2878 et
490 2820 589 2878 eadem
610 2821 697 2879 etiam
718 2822 753 2879 de
774 2842 861 2880 cauea
882 2824 1015 2882 secundae
1036 2843 1101 2882 cum
1122 2845 1191 2884 arca

125 2900 218 2976 perire
238 2906 404 2977 potuerunt.
420 2899 447 2959 N
448 2920 485 2959 on
496 2898 595 2977 itaque
606 2901 719 2972 mirum,
731 2902 754 2959 si
764 2902 824 2977 jam
835 2903 922 2962 etiam
933 2903 1026 2979 prima
1036 2904 1191 2979 originalia

125 2980 214 3040 Mosis
234 3001 292 3040 non
314 2985 423 3053 extent,
445 3001 539 3057 neque
560 2983 636 3057 quod
657 3002 700 3053 ea,
722 3003 788 3058 quae
808 2983 839 3041 in
849 2984 1044 3059 superioribus
1055 2984 1188 3055 diximus,

124 3061 213 3133 libris,
255 3081 328 3138 quos
364 3062 512 3133 habemus,
553 3062 737 3137 contigerint,
770 3065 885 3138 quando
916 3084 1017 3122 verum
1049 3064 1190 3140 originale

124 3142 239 3201 dederis
260 3141 358 3212 divini,
380 3148 410 3201 et
430 3142 555 3201 omnium
570 3143 791 3214 sanctissimum,
804 3144 935 3202 totaliter
946 3144 1040 3220 perire
1051 3147 1188 3219 potuerit.

125 3222 266 3282 Desinant
286 3243 356 3299 ergo
377 3243 431 3282 nos
450 3222 607 3299 impietatis
627 3243 771 3293 accusare,
793 3223 841 3299 qui
863 3223 934 3282 nihil
955 3229 1189 3285 contraverbum

126 3302 178 3361 Dei
198 3303 286 3363 locuti
307 3324 413 3378 sumus,
436 3324 488 3363 neo
508 3304 583 3362 idem
604 3303 876 3375 contaminavimus3
899 3306 949 3363 sed
970 3305 1051 3374 iram,
1067 3305 1189 3382 siquam

121 3384 229 3456 justam
261 3385 367 3443 habere
398 3385 518 3461 possint,
549 3383 580 3442 in
611 3384 746 3460 antiquos
780 3389 903 3456 vertant,
935 3405 1057 3460 quorum
1078 3387 1190 3446 malitia

156 3600 166 3620 ⁰
182 3600 289 3647 Videtur
316 3602 364 3648 hoo
383 3608 484 3661 poterat
505 3617 550 3663 per
565 3604 762 3663 imprudentiam
782 3605 904 3663 perfectas
922 3609 1057 3655 sententiae
1076 3610 1192 3656 additum

124 3674 189 3707 osse.

139 3761 230 3824 “Gap.
241 3765 627 3828 8.vs.8.ememoria1audatus;
639 3771 664 3815 in
675 3769 740 3816 libro
750 3769 845 3828 legitur
852 3774 928 3838 nm>
943 3744 1032 3856 7va
1047 3774 1105 3831 mn
1121 3776 1186 3858 12⁸·
