2662 4298
133 369 193 426 224
568 387 707 426 srrsrous
727 388 770 427 ux.

130 555 209 613 botis
232 554 398 612 constantia
418 554 476 612 alio
497 554 614 613 nomine
634 574 652 612 a
672 553 837 612 substantia
857 553 977 612 diverso
998 555 1208 633 insignimur.

132 635 215 704 Quod
247 642 345 693 autem
376 634 481 705 dicitis,
512 655 558 692 me
588 654 647 693 non
668 635 891 703 demonstraffie,
912 637 1121 696 substantiam
1143 640 1211 713 (sive

132 732 196 786 cns)
217 715 301 789 plura
322 715 429 772 habere
448 735 534 790 posse
554 715 706 779 attributa.
726 716 803 772 forte
823 715 860 772 ad
874 715 1151 777 demonstrationes
1163 740 1208 778 no

131 795 226 852 luistis
257 795 417 852 attendere,
449 796 530 853 Duas
560 795 636 853 enim
668 795 796 866 adhibui,
815 795 909 870 prima
930 796 1011 870 quod
1033 798 1113 856 nibil
1132 800 1209 858 nobis

130 874 302 944 evidentius,
335 895 422 952 qnam
450 877 526 951 quod
548 876 773 951 unumquodque
793 895 846 933 eus
865 877 920 933 sub
940 875 1045 952 aliquo
1065 880 1208 939 attributo

130 974 148 1011 a
168 955 252 1012 nobis
272 954 460 1030 concipiatur,
482 960 512 1014 et
533 975 590 1030 quo
610 956 676 1031 plus
696 955 847 1015 realitatis.
869 960 923 1013 aut
935 975 1013 1028 esse,
1025 958 1150 1034 aliquod
1161 981 1207 1019 ens

130 1035 228 1103 habet,
249 1054 284 1093 eo
304 1035 388 1110 plura
409 1035 552 1094 attributa
573 1035 599 1094 ei
621 1042 689 1094 sunt
710 1036 874 1094 tribuenda.
894 1035 984 1094 Unde
1005 1057 1062 1097 ens
1076 1040 1208 1099 absolute

130 1115 274 1172 infinitum
305 1115 510 1185 definiendum,
543 1121 600 1174 etc.
632 1117 773 1187 Secunda,
795 1120 824 1174 et
845 1135 933 1191 quum
953 1135 1013 1192 ego
1034 1120 1206 1194 palmariam

126 1195 234 1270 judico,
265 1202 319 1266 est,
351 1198 438 1272 quod,
471 1216 527 1270 quo
558 1198 643 1272 plura
674 1196 816 1255 attributa
846 1195 932 1254 alicui
956 1198 1022 1256 euti
1043 1200 1156 1272 tn'buo,
1176 1221 1207 1260 eo

129 1277 222 1351 magis
253 1296 351 1351 cogor.
383 1277 438 1352 ipsi
460 1276 646 1335 existentiam
667 1277 804 1347 tribuere,
826 1277 880 1334 hoc
899 1281 955 1347 est,
976 1297 1015 1336 eo
1036 1281 1138 1356 magis
1158 1284 1208 1340 snb

129 1357 242 1415 ratione
262 1357 325 1415 veri
346 1357 440 1432 ipsum
462 1357 601 1433 concipio,
624 1357 700 1432 quod
721 1357 807 1432 plane
821 1356 1001 1415 contrarium
1013 1366 1106 1431 esset,
1119 1361 1207 1437 siego

130 1436 302 1495 Chimaeram
324 1444 377 1496 aut
397 1437 466 1513 quid
487 1437 580 1496 simile
600 1438 758 1495 finxissem.

170 1517 253 1586 Quod
274 1522 371 1575 autem
392 1517 497 1587 dicitis,
518 1538 572 1576 vos
591 1538 651 1576 non
672 1518 824 1593 concipere
840 1516 1053 1591 cogitationem
1074 1520 1137 1580 nisi
1156 1524 1207 1580 sub

131 1595 212 1663 ideis,
234 1597 303 1672 qnia
323 1597 442 1655 remotis
461 1597 534 1656 ideis
554 1599 760 1674 cogitationem
781 1597 939 1668 destruitis,
960 1599 1050 1658 credo
1070 1600 1104 1659 id
1125 1603 1207 1661 vobis

131 1677 300 1751 contingere
320 1683 485 1752 propterea,
509 1680 584 1754 quod
606 1679 674 1737 dnm
695 1698 756 1739 vos.
779 1697 825 1736 res
845 1677 956 1736 scilieet
975 1679 1159 1754 cogitantes,
1177 1683 1203 1741 id

130 1755 235 1823 facitis,
257 1776 357 1814 omnes
376 1763 491 1817 vestras
512 1759 704 1834 cogitationes
725 1764 755 1816 et
769 1762 926 1833 conceptus
938 1759 1092 1834 seponitis.
1110 1762 1206 1833 Quare

130 1855 188 1893 non
210 1837 314 1895 mirum
336 1843 390 1907 est,
412 1840 498 1913 quod,
520 1840 568 1898 ubi
580 1859 679 1898 omnes
690 1845 805 1897 vestras
816 1837 1009 1913 cogitetianes
1020 1843 1203 1916 seposuistis,

130 1915 201 1973 nihil
233 1922 335 1992 postea
365 1919 449 1978 vobis
480 1919 666 1995 cogitandum
696 1925 821 1977 maneat.
854 1918 936 1988 Quod
960 1923 1061 1978 autem
1082 1923 1203 1982 adrem

129 1996 245 2069 attinet,
278 2004 349 2074 puto
380 2019 427 2057 me
459 2000 531 2058 satis
551 2001 629 2058 clare
649 2006 680 2058 et
700 1999 851 2057 evidenter
871 1999 1099 2071 demonstrasse,
1122 2003 1202 2062 intel·

128 2078 244 2148 lectum,
278 2079 411 2155 quamvis
439 2079 593 2152 infinitum,
625 2081 661 2138 ad
689 2080 830 2137 Naturam
851 2084 1030 2151 naturatam,
1051 2101 1115 2140 nou
1135 2103 1203 2142 vere

127 2159 162 2216 ad
195 2165 381 2218 naturantem
413 2161 567 2236 pertinere.
600 2160 691 2218 Porro
722 2160 789 2234 quid
822 2160 876 2217 hoo
896 2159 933 2216 ad
954 2160 1073 2219 tertiam
1096 2163 1202 2221 Defini-

127 2239 234 2298 tionem
265 2240 482 2316 intelligendam
514 2241 611 2315 iaciat,
644 2241 771 2299 nondum
792 2240 885 2309 video,
907 2259 961 2297 nec
982 2239 1072 2299 etiam
1094 2262 1150 2301 cur
1169 2264 1202 2302 ea

127 2339 235 2378 moram
267 2321 386 2396 injiciat.
419 2322 488 2397 Ipsa
519 2322 594 2380 enim
627 2321 764 2389 definitio,
798 2325 830 2378 ut
850 2320 951 2394 ipsam,
974 2319 1005 2377 ni
1025 2321 1126 2394 fallor,
1148 2324 1201 2383 tibi

126 2401 241 2471 tradidi,
274 2402 315 2459 sic
345 2407 439 2473 sonat,
464 2403 521 2460 Per
540 2404 728 2460 substantiam
753 2403 875 2476 inlelliyo
897 2402 935 2469 id,
958 2403 1089 2476 quod-in
1111 2413 1200 2464 secat

126 2487 150 2536 et
173 2501 227 2554 per
246 2500 275 2538 ae
296 2485 475 2556 comisatum
495 2484 546 2541 hoc
566 2490 613 2552 est,
636 2485 721 2557 cuijus
742 2489 890 2556 conceptus
910 2499 968 2538 non
990 2484 1111 2541 involvit
1135 2505 1200 2544 con·

126 2568 235 2633 ceptum
247 2562 368 2619 alterius
379 2565 428 2620 rei.
444 2562 585 2635 Idempcr
593 2565 775 2636 attributum,
786 2563 916 2636 intelliqo,
926 2563 983 2618 nisi
990 2564 1070 2637 quod
1078 2567 1200 2624 attribu·

126 2643 187 2696 tum
208 2642 327 2698 dicatur
344 2649 472 2716 respecta
487 2644 652 2717 intellectas,
664 2644 829 2700 arrbstarrldc
841 2649 945 2699 certum
958 2643 1041 2699 tolera
1056 2653 1200 2704 notemom

126 2720 284 2778 tribuentia.
308 2721 389 2791 Haec,
411 2721 538 2796 inquam,
561 2723 689 2780 definitio
711 2722 783 2780 satis
804 2723 881 2780 clare
902 2721 1037 2796 explicat,
1061 2724 1132 2798 quid
1148 2746 1201 2802 per

125 2799 316 2858 substantiam
339 2801 400 2859 sive
421 2801 593 2860 attributum
609 2803 771 2876 intelligere
786 2803 861 2860 volo.
883 2800 981 2859 Vultis
994 2806 1104 2874 tamen,
1122 2808 1199 2881 quod

125 2879 241 2937 minime
262 2900 335 2956 opus
355 2887 409 2952 est,
430 2888 463 2940 ut
483 2884 615 2958 exemplo
637 2884 786 2958 explicem,
810 2883 950 2958 quomodo
966 2901 1024 2939 une
1037 2885 1201 2962 eademque

125 2980 172 3018 res
201 2960 312 3019 duobus
340 2962 504 3021 nominibus
530 2963 665 3038 insigniri
693 2963 792 3039 possit.
822 2963 877 3021 Sed
905 2981 941 3019 ne
968 2981 1075 3036 parcns
1096 2965 1202 3025 videar

125 3041 181 3099 duo
212 3040 373 3102 adhibeam.
406 3043 548 3102 Primum:
582 3044 653 3113 dico,
680 3064 732 3120 per
758 3043 895 3101 Israelem
923 3041 1047 3116 intelligi
1076 3047 1200 3106 tertium

126 3120 334 3194 l’atriarcham
362 3123 437 3182 idem
465 3144 517 3199 per
541 3126 682 3183 Jacobum
704 3123 845 3197 intelligo,
867 3124 943 3198 quod
966 3142 1071 3181 nomen
1092 3127 1201 3186 Jacobi

124 3200 179 3276 ipsi
199 3201 401 3276 imponebatur
421 3209 584 3280 propterea,
607 3204 682 3279 quod
704 3205 811 3263 calcem
831 3203 931 3262 fratris
951 3204 1200 3279 apprehenderat.

125 3280 302 3341 Secundum:
329 3303 382 3359 per
408 3286 526 3359 planum
550 3284 713 3358 intelligere
734 3286 799 3342 volo
820 3284 858 3354 id,
880 3284 955 3359 quod
977 3303 1078 3342 omnes
1100 3288 1203 3346 radios

124 3360 196 3419 lucis
217 3361 278 3420 sine
300 3364 358 3422 ulla
379 3365 538 3424 mutatione
559 3365 698 3435 reflectit3
716 3364 791 3423 idem
806 3384 858 3440 per
870 3366 966 3422 album
980 3364 1124 3440 intelligo,
1142 3369 1201 3427 nisi

124 3442 199 3515 quod
221 3442 318 3500 album
339 3443 452 3503 dicatur
473 3451 607 3521 respectu
628 3445 752 3503 hominis
773 3446 891 3520 planum
912 3443 1060 3502 intuentis

153 3548 193 3603 11).
210 3547 373 3609 Rhenoburgi
391 3551 439 3596 sub
455 3552 531 3598 finem
550 3567 581 3599 m.
599 3553 672 3599 Febr.
691 3566 713 3597 a.
735 3552 816 3608 loos}

576 3749 735 3757 ———-
