2662 4298
328 323 331 330 '
431 333 746 372 rnnonoercoromrmr
769 333 832 371 cnr.
856 333 897 370 m.
1161 315 1197 370 91

127 500 241 573 testari,
272 519 304 558 so
334 499 399 558 illos
427 520 499 571 esse,
521 500 570 576 qui
591 500 724 559 omnibus
746 500 878 559 fidelibus
899 521 936 558 ex
957 501 1016 559 suis
1037 501 1198 576 praedicati-

128 581 232 641 onibus
261 580 457 650 innotuerant,
490 584 520 639 et
551 581 681 656 quitum
704 581 788 639 claris
809 581 981 638 testimoniis
1002 582 1198 651 ostenderant,

128 682 160 721 se
190 680 290 720 veram
322 661 424 718 docere
445 660 623 736 Religionem
645 665 675 719 et
695 661 797 719 salutis
818 661 905 719 viam,
927 661 1000 719 Nam
1022 681 1199 737 quaecunque

128 761 183 818 ego
213 741 245 799 in
265 740 344 799 hisce
364 740 501 816 Epistolis
522 741 578 799 dici
599 741 682 799 video
704 742 739 798 de
760 741 965 816 Apostolorum
987 743 1146 812 vocatione,
1169 747 1199 800 et

129 821 238 898 Spiritu
248 821 355 880 Sancto
366 825 396 879 et
407 821 503 880 divino
514 841 598 897 quem
610 823 765 892 habebant,
779 822 815 881 ad
827 841 934 890 eorum,
945 842 1017 897 quas
1025 823 1196 892 habuerunt,

127 901 349 978 praedicationes
370 901 471 959 referri
491 902 585 972 video,
606 901 642 960 iis
663 907 777 960 tantum
798 902 869 960 locis
890 903 1028 978 exceptis,
1051 903 1195 978 inquibus

128 982 268 1058 Spriritus
298 981 353 1040 Dei
383 985 413 1039 et
444 981 568 1057 Spiritus
599 981 723 1040 Sanctus
753 1002 806 1057 pro
831 989 927 1041 mente
948 1003 1028 1053 sana,
1050 987 1145 1052 beata,
1167 990 1196 1041 et

127 1064 189 1121 Deo
220 1062 324 1132 dicata,
353 1065 407 1120 etc.
440 1063 488 1135 (de
519 1063 622 1138 quibus
650 1062 678 1120 iu
701 1062 792 1137 primo
815 1063 884 1138 Cap.
906 1063 1041 1133 diximus)
1063 1065 1195 1122 sumitur.

128 1143 182 1202 nn
215 1162 259 1217 gr.
290 1141 321 1199 in
356 1142 442 1217 llpist.
475 1144 511 1200 ad
542 1142 671 1201 Corinth.
695 1145 721 1202 1.
745 1162 807 1217 cap.
833 1145 858 1200 7.
881 1164 923 1201 vs.
946 1145 994 1200 lo.
1017 1144 1057 1200 ait
1079 1145 1196 1211 Paulus

128 1225 209 1281 beato
229 1229 324 1280 cutem
345 1231 383 1280 est
403 1226 429 1280 si
449 1225 491 1280 itu
512 1230 628 1281 moneat
647 1225 805 1281 secundum
824 1227 989 1281 seutentiam.
1005 1244 1111 1292 ceceanu
1120 1233 1194 1296 puto

128 1311 223 1362 outcm
241 1305 328 1361 etiam
348 1322 405 1378 eqo,
428 1306 503 1378 quod
526 1304 654 1378 Spiritus
674 1304 729 1361 Dei
748 1306 786 1361 sit
803 1306 832 1360 ia
856 1324 906 1361 me.
919 1303 976 1361 Ubi
987 1323 1039 1378 per
1051 1304 1193 1378 Spiritum.

127 1385 182 1442 Da·
211 1383 305 1458 ipsam
333 1402 414 1440 suam
434 1387 560 1442 mentem
580 1383 725 1458 intelligit,
747 1389 780 1441 ut
799 1383 860 1458 ipse
882 1383 1020 1441 orationis
1041 1388 1195 1441 contextus

126 1463 251 1535 indicat3
274 1464 328 1521 hoc
349 1463 425 1521 enim
445 1463 523 1521 vult:
545 1463 671 1533 viduam,
693 1484 756 1539 quae
778 1465 902 1522 secundo
925 1483 982 1521 non
1004 1465 1067 1522 vult
1085 1466 1193 1522 nubere

127 1543 240 1613 marito,
268 1545 383 1601 beatam
401 1543 497 1618 judico
519 1545 675 1602 secundum
696 1564 789 1602 meam
810 1544 993 1615 sententiam,
1016 1544 1065 1620 qui
1086 1545 1192 1603 coelebs

129 1624 226 1682 vivere
254 1623 377 1695 decrevi,
403 1627 433 1681 et
457 1643 502 1682 me
528 1626 645 1683 beatum
672 1629 752 1699 puto.
778 1625 816 1682 Et
844 1626 978 1682 adhunc
999 1625 1115 1682 modum
1136 1625 1193 1682 alia

127 1703 320 1780 reperiuntur,
341 1723 405 1778 quse
426 1702 474 1762 hic
495 1704 607 1762 adferre
629 1722 875 1779 supervacaneum
894 1705 1000 1780 judico.
1012 1705 1082 1763 Cum
1093 1705 1191 1780 itaque

127 1784 312 1842 statuendum
339 1784 386 1854 sit,
407 1783 552 1859 Epistolas
572 1784 777 1858 Apostolorum
799 1786 896 1843 aeolo
918 1786 1039 1843 Lumine
1060 1785 1193 1844 Naturali

127 1864 252 1923 dictatas
282 1863 378 1936 fuisse,
410 1865 564 1922 videndum
593 1865 653 1940 jam
682 1870 736 1935 est,
758 1866 898 1940 quomodo
921 1866 1053 1940 Apostoli
1074 1886 1111 1924 ex
1132 1866 1193 1923 sola

127 1943 254 2004 naturali
285 1943 449 2019 cognitione
479 1965 535 2015 res,
567 1964 632 2019 quae
656 1947 710 2003 sub
731 1946 851 2004 eandem
872 1966 930 2004 non
952 1947 1068 2015 cadunt,
1090 1947 1192 2004 docere

127 2029 272 2100 poteraut.
293 2025 402 2083 Verum
423 2024 447 2082 si
468 2025 504 2083 ad
525 2024 583 2094 illa,
596 2045 659 2100 quae
671 2025 747 2084 circa
758 2026 915 2100 Scripturas
926 2026 1195 2101 interpretationem

129 2104 197 2181 Cap,
230 2106 257 2163 7.
288 2105 374 2180 hujus
398 2105 552 2163 Tractatus
573 2104 706 2176 diximus
729 2107 921 2176 attendamus
944 2107 1024 2164 nulla
1044 2106 1090 2163 hic
1112 2107 1195 2164 nobis

127 2185 182 2244 erit
202 2185 363 2243 difficultas.
385 2185 459 2243 Nam
480 2185 613 2261 quamvis
634 2205 676 2256 ea,
699 2205 762 2260 quae
783 2186 813 2242 in
834 2185 936 2243 Bibliis
956 2185 1196 2256 continentu1·,nt

126 2265 279 2340 plurimum
300 2270 431 2324 nostrum
452 2271 568 2341 captum
589 2271 735 2340 superent,
757 2285 909 2340 possumus
930 2271 1027 2323 tamen
1047 2284 1146 2322 secure
1159 2267 1193 2323 de

125 2345 224 2404 iisdem
257 2345 405 2416 disserere,
437 2347 520 2404 modo
553 2346 633 2404 nulla
661 2345 719 2403 alia
739 2346 880 2420 principia
902 2345 1087 2403 admittamus
1109 2365 1194 2419 quam

126 2445 169 2497 ea,
201 2445 266 2501 quae
297 2445 335 2484 ex
365 2426 428 2501 ipsa
453 2427 603 2502 Scriptura
623 2431 779 2502 petuntur;
801 2431 888 2502 atque
910 2427 964 2484 hoc
986 2426 1085 2483 eodem
1106 2425 1193 2485 etiam

126 2506 209 2564 modo
230 2506 363 2581 Apostoli
383 2526 421 2565 ex
440 2510 535 2576 rebus,
557 2526 629 2581 quas
650 2506 794 2577 viderant,
817 2527 947 2582 quasque
968 2506 1149 2577 audiverant,
1165 2512 1195 2564 et

128 2605 199 2662 quas
230 2586 353 2660 denique
384 2607 421 2645 ex
451 2587 628 2646 revelatione
660 2589 831 2658 habuerant,
862 2589 954 2646 multa
975 2587 1144 2646 concludere
1166 2593 1196 2646 et

127 2666 238 2737 elicere,
270 2686 361 2741 eaque
390 2668 529 2739 homines,
562 2667 586 2724 si
616 2667 729 2726 libitum
763 2668 798 2726 iis
819 2675 904 2736 esset,
928 2670 1029 2727 docere
1050 2674 1194 2743 poterant.

128 2746 245 2818 Deinde,
268 2747 400 2822 quamvis
415 2748 535 2822 Religio,
551 2753 637 2823 prout
649 2752 686 2807 ab
700 2749 848 2823 Apostolis
858 2749 1079 2823 praedicabatur,
1092 2768 1194 2824 nempe

127 2827 281 2903 simplicem
303 2827 409 2885 Christi
430 2828 580 2886 historiam
602 2830 757 2898 narrando,
781 2832 834 2887 sub
856 2829 1008 2887 Rationem
1029 2829 1193 2899 noncadat‚

128 2908 189 2981 ejus
218 2910 316 2965 tamen
347 2928 495 2977 summam,
529 2929 593 2984 quae
625 2909 804 2983 potissimum
837 2909 1015 2967 documentis
1039 2909 1195 2966 moralibus

128 2991 250 3057 constat,
279 2992 311 3045 ut
334 2992 397 3046 tota
418 2988 525 3047 Christi
546 2989 713 3058 doctrina*,
736 2994 832 3063 potest
853 2990 1050 3066 unusquisque
1072 2988 1191 3046 Lumine

128 3067 262 3126 Naturali
282 3067 367 3126 facile
388 3069 510 3145 assequi.
532 3069 664 3143 Denique
684 3069 817 3144 Apostoli
831 3089 889 3128 non
903 3069 1073 3144 indigebant
1084 3068 1190 3127 lumine

128 3148 339 3223 supernaturali
360 3150 396 3206 ad
419 3149 606 3223 Religionem,
629 3168 714 3223 quam
730 3154 817 3207 antea
832 3149 922 3223 signis
937 3151 1188 3218 confirmaverant,

129 3227 270 3285 communi
299 3229 446 3287 hominum
477 3229 575 3305 captui
604 3229 646 3287 ita
678 3230 956 3301 accommodandam,
989 3235 1021 3287 ut
1049 3229 1132 3286 facile
1154 3231 1190 3286 ab

129 3327 298 3383 unoquoque
318 3328 356 3366 ex
376 3309 471 3367 animo
492 3310 689 3385 acciperetur;
710 3330 802 3384 neque
815 3310 902 3368 etiam
913 3310 1012 3367 eodem
1023 3308 1192 3381 indigebant

129 3389 164 3445 ad
194 3388 324 3446 homines
354 3390 389 3447 de
419 3391 518 3448 eadem
539 3390 712 3461 monendos3
735 3396 821 3465 atque
842 3390 889 3447 hic
909 3390 975 3447 finis
995 3388 1190 3463 Epistolarum

129 3473 180 3540 est,
202 3468 331 3526 homines
351 3470 459 3528 scilicet
481 3490 515 3528 ea
535 3471 584 3528 via
604 3471 706 3528 docere
721 3476 886 3540 etmonere‚
899 3468 1191 3544 quamunusquisque

129 3549 331 3624 Apostolorum
358 3551 495 3625 optimam
515 3551 655 3626 judicavit
676 3551 712 3608 ad
734 3551 847 3609 eosdem
868 3551 899 3607 in
921 3549 1070 3624 Religione
1091 3549 1191 3607 confir·

129 3629 255 3687 mundos.
277 3630 314 3687 Et
335 3630 382 3688 hic
403 3631 560 3689 notandum
581 3631 619 3703 id,
642 3630 718 3706 quod
739 3632 825 3706 paule
847 3636 915 3689 ante
937 3630 1070 3701 diximus
1090 3650 1191 3705 nempe

161 3807 173 3831 ¹⁵
190 3808 226 3854 cf.
244 3809 338 3863 Annor,
355 3809 454 3858 XXVII.
