2662 4298
561 305 699 343 ur1sr0LA
720 272 804 345 xun'
1150 291 1208 348 239

85 534 96 545 h
134 475 315 544 observatur,
349 470 398 546 qui
426 471 578 546 quomode,
611 471 672 529 sive
703 492 721 530 a
754 473 859 549 quibus
891 473 985 531 causis
1006 479 1087 532 ortus
1108 475 1206 547 fuerit,

135 552 272 610 nescitur.
313 551 444 626 Denique
476 552 566 609 multa
597 556 674 623 sunt,
707 573 772 628 quae
805 554 914 611 nullum
946 572 1064 629 prorsus
1095 555 1208 630 spirant

134 633 259 703 odorem,
293 651 414 706 quorum
442 636 540 689 tamen
560 637 667 707 partes,
689 632 714 689 si
735 638 881 708 utcunque
902 633 1094 705 concitentur,
1118 640 1207 712 atque

133 712 319 785 incalescant,
353 713 424 770 odor
455 711 554 769 statim
585 712 771 786 persent'tur,
803 719 833 771 et
864 713 889 772 si
909 714 1014 772 iterum
1036 713 1205 789 frigescant,

134 793 244 850 nullum
266 792 370 850 iterum
391 792 507 850 odorem
528 793 637 850 habent
659 793 773 864 (saltem
789 795 884 869 quoad
898 794 1056 852 humanum
1067 798 1204 867 sensum),

133 877 167 930 ut
188 872 311 947 exempli
333 872 429 946 gratia
448 871 605 943 succinum,
628 877 658 930 et
678 872 744 944 alia,
767 893 831 949 quae
852 873 940 932 etiam
954 873 1101 933 nescioan
1111 876 1206 951 magis

133 952 293 1028 composita
314 953 372 1010 sint
393 972 478 1026 quam
499 951 621 1010 Nitrum.

174 1033 243 1102 Quae
273 1033 309 1090 ad
346 1032 506 1090 Sectionem
538 1032 708 1106 vigesimam
740 1038 873 1107 quartam
906 1033 1014 1103 notavi,
1037 1036 1203 1108 ostendunt,

132 1113 265 1188 spiritum
286 1112 363 1170 Nitri
384 1132 442 1170 non
463 1132 526 1170 esse
547 1132 651 1188 purum
673 1112 820 1188 Spiritum,
843 1114 892 1171 sed
907 1114 1071 1172 calceNitri
1084 1115 1204 1191 aliisque

131 1193 301 1265 abundare3
334 1193 463 1268 adeoque
495 1212 541 1250 me
566 1192 707 1265 dubitare,
730 1213 768 1251 an
788 1193 826 1265 id,
849 1195 924 1269 quod
946 1194 999 1253 Vir
1021 1194 1204 1254 Clarissimus

132 1293 187 1348 ope
209 1273 310 1332 libellas
332 1272 554 1349 deprehendisse
576 1272 625 1343 ait,
648 1273 723 1347 quod
745 1293 847 1349 nempe
858 1274 971 1350 pondus
983 1274 1106 1350 Spiritus
1117 1274 1203 1346 Nitri,

131 1373 218 1429 quern
238 1353 399 1426 instillavit,
421 1353 535 1429 pondus
555 1352 640 1423 illius,
663 1353 739 1427 quod
759 1353 836 1412 inter
857 1355 1053 1413 detonandum
1063 1355 1199 1430 perierat,

130 1437 193 1491 fere
214 1435 395 1508 exaequabat,
418 1432 490 1491 satis
510 1438 595 1491 caute
616 1435 772 1491 observare
792 1434 896 1510 potuit.

172 1513 312 1588 Denique,
345 1513 479 1589 quamvis
499 1533 574 1588 aqua
594 1533 676 1589 pura,
699 1515 792 1589 quoad
814 1515 936 1584 oculum,
958 1513 1030 1572 salia
1051 1514 1201 1573 alcalisata
1261 1552 1265 1558 ·

130 1593 216 1652 citius
237 1594 348 1651 solvere
369 1593 478 1668 possit;
501 1598 607 1658 tamen.
630 1614 694 1652 cum
716 1613 750 1652 ea
771 1614 875 1670 corpus
886 1593 980 1669 magis
990 1595 1200 1669 homogeneum
1251 1605 1252 1609 ’

133 1694 219 1748 quam
241 1683 291 1732 a‘e'r
311 1674 357 1744 sit,
379 1694 438 1731 non
458 1679 563 1748 potest,
584 1673 670 1733 sicuti
691 1685 749 1743 aer,
771 1679 816 1732 tot
838 1694 945 1750 genera
966 1675 1200 1750 corpusculorum

133 1756 250 1824 habere,
272 1774 335 1828 quae
355 1774 407 1830 per
427 1753 521 1812 omnis
542 1754 656 1829 generis
676 1754 763 1813 calcis
783 1775 869 1831 poros
881 1754 1199 1831 seinsinuarepossint.

134 1837 239 1904 Quare,
262 1854 325 1892 oum
347 1854 423 1909 aqua
445 1833 531 1892 certis
552 1834 702 1910 particulis
715 1835 802 1893 unius
813 1834 929 1910 generis
939 1835 1064 1893 maxime
1076 1841 1198 1906 constet,

133 1934 197 1989 quae
219 1914 325 1972 calcem
347 1916 383 1973 ad
405 1921 516 1973 certum
536 1915 691 1974 terminum
713 1935 804 1992 usque
825 1915 982 1974 dissolvere
1002 1920 1133 1991 possunt,
1149 1926 1201 1974 aer

133 2014 203 2052 vero
225 2014 283 2052 non
304 1994 382 2065 item,
403 1995 470 2053 inde
491 1994 632 2070 sequitur,
653 2015 759 2071 aquam
779 2015 870 2071 usqne
892 1996 928 2053 ad
949 1995 1028 2053 illum
1043 1995 1198 2054 terminum

133 2075 221 2149 longe
242 2074 327 2132 citius
348 2075 455 2134 calcem
476 2074 689 2146 dissolutorem,
712 2095 799 2151 quam
820 2085 932 2147 aerem3
948 2076 1007 2146 sed,
1023 2081 1200 2134 cumcontra

132 2165 183 2213 aer
203 2160 317 2213 constet
338 2156 424 2213 etiam
446 2155 644 2226 crassioribus
666 2161 696 2213 et
716 2157 802 2230 longe
824 2154 1031 2233 subtilioribus,
1053 2160 1083 2213 et
1105 2155 1199 2214 omnis

133 2235 248 2310 generis
267 2235 426 2310 particulis,
449 2255 513 2311 quac
533 2255 585 2310 per
605 2255 692 2311 poros
712 2236 798 2310 longe
819 2234 1014 2310 angustiores,
1027 2254 1113 2310 quam
1126 2255 1199 2311 quos

132 2315 283 2390 particulae
315 2336 399 2391 aquae
429 2320 583 2392 penetrare
614 2320 745 2391 possunt,
771 2315 868 2373 multis
888 2315 980 2373 modis
1001 2335 1031 2373 se
1052 2314 1199 2373 insinnare

131 2400 269 2470 possunt3
302 2396 368 2454 inde
400 2395 539 2471 sequitur,
572 2406 676 2467 aerem,
709 2395 842 2472 quamvis
873 2415 932 2454 non
951 2400 1012 2453 tam
1033 2395 1090 2453 cito
1111 2400 1199 2471 atque

132 2496 246 2551 aquam,
278 2496 381 2552 nempe
412 2476 480 2551 quia
511 2497 570 2534 non
600 2480 645 2534 tot
665 2475 815 2552 particulis
836 2475 1062 2552 uniuscujusque
1084 2476 1200 2550 generis
1240 2546 1243 2556 Ι

131 2561 265 2615 constare
295 2561 400 2632 potest,
425 2557 512 2630 longe
532 2562 631 2625 tamen
651 2556 752 2615 melius
774 2562 861 2632 atque
883 2555 1017 2615 subtilius
1038 2555 1198 2614 dissolvere

132 2637 239 2694 calcem
267 2636 344 2694 Nitri
363 2656 456 2712 posse,
478 2656 599 2712 eamque
619 2637 838 2712 languidiorem,
861 2657 895 2695 ac
915 2636 1035 2713 proinde
1056 2636 1198 2712 aptiorem

131 2717 168 2773 ad
189 2721 298 2775 motum
318 2716 526 2791 particularum
548 2717 672 2793 Spiritus
693 2717 772 2776 Nitri
792 2717 960 2789 sistendum,
983 2718 1111 2775 reddere.
1124 2716 1197 2774 Nam

130 2797 239 2854 nullam
260 2796 346 2855 aliam
368 2796 559 2856 differentiam
580 2797 657 2856 inter
678 2797 816 2874 Spiritum
837 2797 913 2856 Nitri
935 2802 964 2856 et
978 2797 1092 2856 Nitrum
1103 2797 1197 2871 ipsum

130 2877 224 2934 adhuc
258 2897 416 2951 agnoscere
441 2896 529 2952 cogor
551 2880 587 2936 ab
608 2877 820 2954 experimentis,
842 2897 928 2953 quam
951 2878 1027 2954 quod
1048 2878 1197 2953 particulae

130 2957 217 3032 hujus
238 2957 397 3033 quiescant,
419 2957 496 3015 illius
517 2977 586 3015 vero
608 2958 692 3016 valde
706 2957 858 3016 concitatae
869 2957 946 3015 inter
957 2977 1020 3016 sese
1032 2956 1196 3030 agitantum

131 3037 203 3095 adeo
224 3043 257 3095 ut
277 3038 377 3095 eadem
399 3037 570 3107 differentia,
592 3058 656 3112 quac
677 3042 721 3095 est
742 3037 819 3095 inter
839 3037 960 3112 glaciem
982 3042 1012 3095 et
1032 3057 1146 3112 aquam,
1159 3036 1198 3094 sit

130 3115 206 3174 inter
225 3117 340 3176 Nitrum
361 3123 391 3175 et
412 3118 474 3193 ejus
496 3117 643 3194 Spiritum.

170 3197 278 3256 Verum
306 3202 335 3256 te
357 3198 432 3256 circa
453 3198 515 3256 haec
537 3197 646 3256 diutins
666 3197 796 3255 detinere
817 3217 876 3255 non
897 3197 1005 3255 audeo:
1027 3215 1138 3266 vercor,
1161 3217 1197 3255 ne

128 3276 213 3335 nimis
233 3278 362 3354 prolixus
382 3277 494 3348 fuerim,
517 3278 658 3353 quamvis,
678 3281 819 3354 qnantum
831 3276 945 3352 quidem
957 3275 1047 3352 potui,
1059 3275 1198 3334 brevitati

129 3357 305 3430 studuerim
338 3358 363 3416 si
393 3357 579 3416 nihilominus
609 3358 747 3416 molestus
778 3356 830 3428 fui,
856 3356 894 3427 id,
917 3361 949 3415 ut
969 3356 1112 3431 ignoscas,
1135 3376 1194 3427 oro,

128 3436 270 3514 simulque
290 3443 323 3496 ut
344 3458 387 3510 ea,
410 3458 473 3514 quae
495 3440 531 3496 ab
552 3437 653 3497 Amico
674 3437 763 3496 libere
784 3441 814 3494 et
834 3436 945 3495 sincere
965 3436 1044 3495 dicta
1066 3440 1143 3508 sunt,
1165 3435 1196 3494 in

127 3517 273 3576 meliorem
293 3523 406 3594 partem
427 3517 636 3593 interpreteris.
658 3518 732 3576 Nam
754 3537 808 3591 ego
830 3517 865 3575 de
886 3516 932 3575 his
952 3536 1070 3592 prorsus
1089 3521 1193 3587 tacere,

128 3603 160 3654 ut
190 3598 244 3656 tibi
274 3599 469 3670 rescriberem,
502 3598 695 3657 inconsultum
728 3596 863 3674 judicavi.
885 3597 928 3656 Ea
948 3602 1047 3656 tamen
1068 3598 1144 3674 apud
1165 3602 1195 3655 tc

126 3676 254 3748 laudare,
287 3699 350 3754 quae
381 3679 476 3738 minus
501 3679 664 3754 placebant,
686 3697 766 3736 mera
787 3681 864 3737 esset
885 3677 1022 3750 adulatio,
1045 3698 1103 3754 qna
1123 3677 1196 3736 nihil

127 3757 157 3815 in
189 3759 332 3818 Amicitiis
352 3758 540 3834 perniciosius
561 3764 590 3817 et
612 3757 777 3818 damnosius
795 3778 907 3818 censeo.
930 3758 1074 3818 Constitui
1094 3758 1193 3834 igitur,
