2662 4298
424 354 743 395 ranonoo1oo·1›on1rro1
764 354 828 394 011.
850 355 912 394 xvr.
1144 338 1201 396 125

132 522 205 580 velit
225 521 395 597 exequendi,
418 522 616 593 conservabit,
638 522 711 581 alias
730 521 861 597 precario
881 521 1047 596 imperabit,
1069 527 1098 581 et
1118 543 1201 582 nemo

132 602 244 673 fortior,
267 602 322 660 nisi
343 602 422 672 velit,
445 602 471 660 ei
492 605 691 678 obtemperare
710 602 865 660 tenebitur.

173 683 239 741 Hae
268 682 367 758 itaque
399 682 510 741 ratione
541 683 603 741 sine
634 683 692 741 ulla
725 682 873 740 Naturalis
903 681 984 740 duris
1005 683 1199 757 repugnantia

132 762 258 820 societas
296 763 414 820 formari
447 767 552 838 potest,
584 769 757 839 pactumque
790 782 874 820 omne
905 781 1017 820 summa
1050 782 1113 820 oum
1144 764 1200 822 fide

132 862 246 918 semper
276 842 402 912 servari;
434 843 459 900 si
477 843 611 902 nimirum
632 843 829 919 unusquisque
849 861 971 912 omnem,
993 862 1078 918 quam
1101 845 1198 913 habet,

132 922 294 999 potentiam
313 922 344 980 in
365 922 532 982 societatem
553 925 728 994 transferat3
751 943 814 998 quae
836 923 908 980 adeo
923 942 1063 980 summum
1079 923 1199 982 Naturae

129 1004 178 1078 jus
209 1003 240 1060 in
271 1003 375 1072 omnia,
408 1004 462 1061 hoo
493 1009 538 1062 est
559 1024 700 1062 summum
720 1002 881 1079 imperium,
903 1002 965 1060 sola
986 1002 1130 1073 retinebit,
1153 1004 1199 1062 oui

131 1082 338 1158 unusquisque,
370 1084 416 1141 vel
447 1103 485 1141 ex
515 1084 605 1142 libero
638 1084 733 1142 animo
764 1084 810 1142 vel
831 1087 911 1140 metu
932 1082 1035 1140 summi
1057 1083 1198 1158 supplicii,

129 1182 233 1239 parere
244 1163 398 1221 tenebitur.
412 1164 490 1221 Talis
501 1184 570 1222 vero
581 1164 728 1222 societatis
736 1164 786 1239 jus
797 1163 980 1221 Democratia
990 1168 1120 1233 vocatur,
1133 1183 1199 1239 quae

129 1242 252 1318 proinde
273 1242 409 1301 definitur
430 1249 521 1303 noetus
533 1244 685 1303 universus
696 1243 852 1311 hominum,
866 1243 916 1319 qui
926 1242 1113 1316 collegialiter
1124 1263 1198 1300 sum·
1283 1242 1285 1246 ’

129 1343 209 1381 mum
228 1322 276 1397 jus
296 1323 333 1381 ad
354 1323 458 1394 omnia,
474 1343 538 1399 quae
553 1329 658 1400 potest,
671 1325 767 1384 habet.
779 1325 892 1399 Exque
904 1322 1042 1398 sequitur,
1056 1342 1198 1381 summam

127 1407 305 1479 potestatem
335 1404 416 1462 nulla
446 1404 511 1478 lege
542 1404 643 1476 teneri,
675 1405 726 1463 sed
755 1423 853 1462 omnes
874 1404 911 1462 ad
932 1402 1028 1461 omnia
1048 1403 1075 1460 ei
1095 1412 1198 1478 par‘ere

129 1484 251 1542 debere:
273 1484 329 1542 hoo
349 1483 423 1542 enim
445 1484 534 1543 tacite
554 1485 601 1543 vel
622 1503 759 1561 expresse
778 1483 886 1560 pacisci
908 1484 1069 1541 debuerunt
1090 1503 1197 1555 omnes,

130 1582 196 1622 oum
234 1583 346 1621 omnem
376 1583 458 1622 snam
488 1565 648 1641 potentiam
679 1584 711 1624 se
742 1563 924 1632 defendendi,
956 1565 1010 1621 boo
1040 1569 1095 1621 ests
1115 1583 1200 1622 omne

128 1663 215 1702 suum
233 1644 290 1718 jus,
311 1643 342 1701 in
363 1663 426 1702 eam
446 1646 670 1704 transtulerunt.
693 1645 814 1720 Quippe,
830 1644 854 1702 si
865 1643 973 1720 aliquid
985 1643 1039 1701 sibi
1051 1648 1198 1702 servatum

129 1724 276 1795 volebant,
308 1724 468 1782 debuerant
499 1725 582 1784 simul
614 1725 668 1784 sibi
699 1745 812 1792 cavere,
834 1744 889 1800 quo
909 1724 938 1782 id
960 1728 1023 1782 tuto
1045 1724 1200 1782 defendere

129 1808 264 1879 possent3
297 1824 361 1862 oum
394 1809 489 1862 autem
511 1805 540 1863 id
561 1825 619 1863 non
640 1806 770 1874 sederint,
793 1825 846 1863 1100
866 1807 974 1879 absque
994 1803 1106 1879 imperii
1128 1804 1197 1862 divi-

128 1885 219 1953 sione,
242 1888 272 1942 et
292 1890 502 1959 consequenter
523 1885 726 1950 destructione.
748 1886 843 1944 faeere
864 1885 1020 1960 potuerint,
1043 1883 1155 1959 eo-ipso
1167 1904 1198 1943 00

128 1962 249 2022 arbitrio
271 1983 389 2023 summae
410 1966 565 2040 potestatis
586 1967 717 2024 absolute
737 1965 940 2024 submiserunt.
964 1964 1046 2034 Quod
1068 1967 1197 2022 01111101)-
1254 1972 1257 1978 '

127 2045 223 2102 solute
243 2044 372 2116 fecerint,
394 2045 479 2120 idque
500 2048 546 2120 (ut
563 2047 623 2120 jam
636 2046 825 2118 ostendimus)
839 2050 868 2103 et
882 2044 1054 2104 nenessitate
1066 2049 1196 2118 cogente,

130 2129 161 2182 et
180 2124 245 2199 ipsa
254 2181 256 2185 ,
266 2125 389 2182 Ratione
410 2126 563 2197 suadente3
579 2127 646 2184 hino
657 2126 794 2202 sequitur,
808 2126 892 2200 quod,
905 2125 960 2183 nisi
972 2125 1071 2182 hostes
1081 2125 1199 2200 Imperii

128 2224 194 2262 esse
225 2204 354 2273 velimus,
386 2210 416 2263 et
446 2211 548 2264 contra
580 2206 740 2276 Rationem,
772 2205 929 2280 Imperium
950 2203 1068 2262 summis
1087 2204 1198 2262 viribus

130 2285 285 2342 defendere
316 2286 495 2356 suadentem,
518 2305 614 2360 agere,
636 2286 732 2344 omnia
753 2286 884 2344 absolute
904 2304 1022 2343 summae
1044 2285 1198 2358 potestatis

128 2365 268 2423 mandata
299 2365 403 2440 exequi
433 2371 573 2436 tenemur,
605 2367 721 2437 tametsi
742 2365 947 2424 absurdissima
967 2364 1105 2439 imperet;
1127 2364 1197 2422 talia

128 2445 206 2503 enim
228 2444 314 2503 Ratio
336 2445 441 2521 exequi
463 2446 550 2504 etiam
569 2448 659 2522 jubet,
684 2453 717 2505 ut
739 2448 774 2505 de
795 2448 906 2504 duobus
927 2444 1012 2503 malis
1033 2445 1128 2502 minus
1149 2445 1196 2502 eli·

130 2545 242 2599 gamus.
274 2525 366 2595 Adde,
399 2527 473 2600 quod
494 2527 549 2585 hoo
569 2527 735 2602 periculum,
758 2547 789 2585 se
810 2526 919 2585 seilicet
939 2524 1058 2584 alterius
1078 2524 1197 2600 imperio

128 2609 159 2663 01
182 2605 301 2663 arbitrio
323 2607 454 2664 absolute
465 2607 662 2677 submittendi,
673 2608 757 2666 facile
768 2607 964 2682 unusquisque
976 2605 1055 2663 adire
1065 2610 1196 2681 poterat;

126 2704 205 2753 nam,
227 2690 260 2743 ut
279 2686 464 2756 ostendimus
487 2687 604 2745 summis
617 2688 811 2762 potestatibus
825 2689 880 2746 hoo
891 2687 947 2762 jus,
960 2685 1093 2761 quioquid
1105 2685 1197 2744 velint

126 2765 298 2840 imperandi,
331 2766 441 2824 tamdiu
473 2772 586 2825 tantum
608 2768 753 2844 competit,
776 2768 911 2843 quamdiu
933 2786 1036 2824 revera
1056 2786 1195 2824 summam

127 2846 239 2904 habent
259 2850 450 2920 potestatem:
473 2848 548 2921 quod
570 2848 595 2905 si
615 2849 735 2906 eandem
757 2848 914 2917 amiserint,
937 2847 1021 2904 simul
1042 2846 1128 2904 etiam
1148 2847 1197 2921 jus

126 2925 225 2984 omnia
245 2925 406 3001 imperandi
428 2927 576 2998 amittunt,
599 2929 679 2986 etin
700 2948 763 2986 eum
786 2928 833 2986 vel
853 2947 903 2985 eos
923 2926 1009 2996 cadit,
1032 2926 1081 3001 qui
1102 2927 1196 3001 ipsum

127 3005 344 3081 aoquisiverunt
375 3012 406 3064 et
436 3007 561 3066 retinere
592 3014 723 3083 possunt.
753 3007 936 3083 Quapropter
956 3026 1021 3064 raro
1043 3007 1195 3064 admodum

128 3085 299 3160 contingere
318 3092 423 3162 potest,
446 3091 479 3145 111
499 3107 618 3146 summae
639 3093 799 3163 potestates
820 3086 1026 3144 absurdissima
1036 3085 1194 3160 imperent;

125 3165 197 3241 ipsis
230 3166 306 3224 enim
336 3167 461 3225 maxime
491 3167 638 3239 incumbit,
670 3172 702 3226 ut
722 3167 776 3225 sibi
796 3165 975 3243 prospiciant
995 3170 1024 3223 et
1044 3165 1193 3240 imperium

125 3246 283 3316 retineant,
305 3247 448 3305 communi
470 3249 545 3305 bono
566 3249 724 3317 consulere,
747 3253 775 3305 et
797 3247 892 3305 omnia
914 3265 951 3303 ex
963 3245 1095 3303 Rationis
1107 3246 1195 3302 diota-

126 3326 203 3384 mine
236 3326 377 3400 dirigere:
410 3327 537 3386 violenta
568 3329 642 3385 enim
675 3327 803 3402 imperia,
829 3332 862 3384 ut
882 3325 923 3384 ait
944 3325 1053 3383 Seneca
1064 3328 1089 3394 *,
1111 3344 1194 3382 nemo

126 3406 272 3464 continuit
292 3407 349 3465 diu.
373 3407 483 3476 Quibus
502 3408 621 3477 aceedit,
634 3409 708 3483 quod
720 3408 749 3465 in
761 3405 959 3465 Democratioo
970 3404 1089 3480 imperio
1100 3404 1194 3462 minus

125 3487 255 3545 timenda
277 3492 345 3545 sunt
366 3489 501 3546 absurda.
523 3488 597 3546 Nam
617 3490 678 3546 fere
699 3488 873 3563 impossibile
895 3492 947 3553 est,
963 3490 996 3543 ut
1006 3485 1098 3559 major
1108 3484 1195 3542 unius

126 3572 220 3626 ooetus
250 3587 328 3643 para,
358 3568 383 3626 si
404 3587 527 3641 magnus
549 3573 600 3639 est,
623 3569 653 3626 in
674 3588 731 3625 uno
753 3569 876 3626 absurdo
898 3565 1067 3635 conveniat3
1089 3565 1194 3622 deinde

126 3653 246 3723 propter
274 3647 337 3722 ejus
357 3649 575 3706 fundamentum
598 3654 627 3706 et
647 3649 742 3717 finem,
765 3649 821 3736 qui,
843 3655 876 3706 ut
897 3646 984 3705 etiam
1005 3645 1191 3715 ostendimus,

157 3827 170 3851 ⁵
188 3826 252 3871 Vide
270 3839 347 3885 supra
363 3840 422 3885 pag.
