2662 4298
540 360 679 399 EPISTOLA
701 361 805 400 LXXIII.

393 535 416 592 El
428 553 446 590 Ρ
456 555 467 592 1
478 554 492 593 s
504 555 520 592 r
532 555 577 613 on
588 556 608 594 a
641 536 767 595 LXXIII
789 539 867 611 (omn
884 540 940 610 xxr)

413 658 481 717 Viro
503 660 686 718 Nobilissimo
707 679 742 718 oo
762 663 933 719 Doctiesimo

344 783 575 844 HENRIOO
608 785 988 845 OLDENBURGIO

600 911 635 969 B.
657 930 685 968 n.
708 911 737 969 S.
779 894 783 902 ⁸

401 1034 556 1108 Responsio
577 1035 616 1092 ool
637 1034 797 1109 Epistolorn
817 1035 932 1092 LXXI.

84 1191 87 1195 .
161 1155 276 1200 Alterum
294 1156 446 1214 exemplum,
463 1156 532 1213 quod
549 1156 580 1201 ab
598 1156 780 1214 Oldenburgio‚
798 1160 827 1203 ut
843 1158 954 1213 videtur,
970 1157 1118 1203 obtinuerat
1130 1157 1204 1204 Leib·
1287 1164 1292 1172 “

130 1217 218 1325 ἷιὶτίἓῗ,
242 1218 268 1262 in
291 1218 369 1276 huJus
386 1215 514 1276 Operibus
530 1218 627 1265 Philos.
645 1219 698 1275 le.
716 1219 736 1265 I.
755 1219 839 1264 Berlin
859 1220 937 1274 1875.)
955 1220 1037 1266 edidit
1053 1220 1080 1267 G.
1097 1220 1121 1266 J.
1139 1220 1202 1266 Ger-

139 1294 177 1324 rar
210 1314 216 1326 .

251 1389 431 1446 Nobilissimo
451 1389 583 1460 Domine,

170 1521 330 1579 Perbrcves
361 1525 427 1579 tuas
456 1520 565 1591 literas,
601 1521 649 1580 15.
681 1520 755 1580 Nov.
777 1521 880 1580 adme
902 1523 995 1592 dataS,
1018 1521 1063 1580 die
1086 1522 1204 1580 Saturni

130 1601 244 1659 modo*
276 1601 375 1676 elapsa
405 1601 518 1676 accepi:
550 1601 581 1659 in
614 1601 649 1659 iis
669 1621 704 1660 ea
725 1603 923 1660 tantummodo
944 1602 1065 1671 indicae,
1087 1623 1151 1678 quae
1172 1603 1203 1662 in

129 1683 269 1740 Tractatu
303 1681 611 1756 Theologico-Politico
653 1702 768 1740 crucem
808 1682 965 1741 lectoribus
995 1684 1095 1742 fixere.
1131 1683 1203 1742 Cum
1283 1748 1288 1756 ¹

104 1767 227 1829 ,tamen
257 1781 295 1820 ex
322 1761 358 1819 iis
378 1761 465 1820 etiam
487 1781 660 1836 cognoscere
681 1762 868 1837 speraverim,
890 1783 1023 1838 quaenam
1046 1783 1087 1821 eae
1109 1763 1201 1838 opini-

129 1861 199 1900 ones
220 1846 325 1917 essent,
348 1861 412 1916 quae
431 1841 576 1916 religiosae
588 1842 706 1901 virtutis
717 1842 823 1918 praxin
834 1844 1010 1901 labefactare
1021 1843 1201 1915 viderentur,

128 1923 163 1980 de
195 1921 299 1998 quibus
330 1927 417 1980 antea
447 1941 608 1981 monueras.
642 1923 705 1994 Sed,
740 1926 773 1980 ut
800 1924 835 1981 de
855 1923 949 1981 tribus
968 1923 1026 1981 illis
1048 1923 1200 1998 capitibus,

128 2022 193 2076 quae
225 2006 318 2066 notas,
350 2007 475 2060 mentem
505 2022 598 2060 meam
630 2002 683 2060 tibi
714 2002 849 2078 aperiam,
880 2003 952 2074 dico,
974 2003 1140 2079 etquidem
1162 2005 1199 2062 ad

127 2082 260 2157 primum,
292 2102 337 2140 me
362 2083 396 2141 de
418 2083 478 2140 Deo
500 2086 530 2140 et
549 2082 662 2140 Natura
683 2083 856 2140 sententiam
878 2084 977 2142 fovere
996 2083 1083 2157 longe
1105 2084 1197 2142 diver·

127 2183 189 2220 sam
204 2164 236 2198 **
271 2165 307 2220 ab
341 2183 384 2234 ea,
417 2182 503 2238 quam
536 2162 681 2221 Neoterici
713 2162 871 2221 Christiani
905 2163 1058 2222 defendere
1092 2165 1196 2222 solent.

127 2244 219 2301 Deum
240 2243 315 2300 enim
336 2263 432 2301 rerum
453 2242 578 2300 omnium
600 2263 717 2301 causam
736 2243 949 2314 immanentem,
971 2248 1004 2301 ut
1025 2243 1116 2319 ajunt,
1139 2264 1199 2302 non

127 2343 196 2381 vero
226 2327 426 2381 transeuntem
456 2327 562 2382 statuo.
595 2323 707 2395 Omnia,
737 2323 863 2399 iuquam,
894 2324 925 2382 in
948 2325 1094 2382 Decesse
1116 2324 1196 2382 etin

128 2405 188 2461 Deo
220 2403 338 2474 moveri,
369 2423 433 2461 cum
465 2403 556 2472 Paulo
580 2403 701 2473 affirmo,
723 2408 753 2461 et
772 2404 849 2462 forte
869 2404 957 2463 etiam
977 2424 1042 2462 cum
1064 2404 1196 2463 omnibus

127 2483 254 2559 antiquis
285 2483 477 2559 Philosophia
508 2483 575 2542 licet
605 2483 662 2542 alio
693 2485 794 2557 modo;
826 2489 855 2543 et
887 2485 1023 2542 auderem
1043 2485 1130 2543 etiam
1146 2487 1196 2555 *ὴ*

127 2563 230 2633 dicere,
252 2583 316 2622 cum
338 2563 466 2640 antiquis
486 2563 619 2622 omnibus
642 2564 785 2636 Hebraeis,
808 2569 947 2640 quantum
969 2585 1006 2623 ex
1028 2564 1199 2641 quibusdam

126 2643 339 2716 traditionibus,
371 2643 486 2702 tametsi
517 2644 616 2704 multis
643 2646 735 2703 modis
756 2643 936 2717 adulteratis,
959 2645 1101 2720 conjicere
1122 2645 1198 2703 licet.

127 2726 266 2782 Attamen
297 2725 373 2799 quod
397 2724 513 2799 quidam
534 2729 647 2800 putant,
670 2727 837 2784 Tractatum
860 2725 1198 2800 Theologico·Politicum

127 2824 160 2861 eo
192 2803 256 2875 niti,
288 2805 364 2879 qnod
396 2806 474 2863 Deus
505 2810 535 2863 et
565 2805 678 2864 Natura
707 2811 877 2881 (perquam
898 2826 1022 2864 massam
1043 2807 1199 2882 quandam,

128 2883 190 2943 sive
211 2884 363 2943 materiam
385 2889 586 2959 corpoream†
606 2885 785 2960 intelligunt)
807 2883 895 2944 unum
917 2890 947 2943 et
967 2885 1043 2943 idem
1057 2885 1124 2957 sint,
1136 2891 1199 2944 tota

126 2969 226 3022 errant
256 2964 311 3024 via.
333 2965 380 3022 Ad
401 2965 540 3023 miracula
562 2964 665 3022 deinde
686 2966 762 3039 quod
783 2954 897 3034 attinet,
919 2965 989 3022 mihi
1010 2970 1112 3023 contra
1132 2986 1198 3041 per-

127 3064 243 3102 suasum
276 3049 321 3103 est
334 3049 381 3118 ††‚
414 3044 520 3103 divinae
548 3044 734 3102 revelationis
755 3045 956 3103 certitudinem
977 3045 1038 3102 sola
1059 3046 1198 3104 doctrinae

126 3124 278 3200 sapientia,
311 3145 370 3183 non
401 3130 497 3183 autem
528 3124 682 3195 miraculis,
714 3125 769 3182 hoc
801 3129 845 3182 est
879 3124 1055 3198 ignorantia,
1087 3126 1198 3184 adstrui

125 3225 219 3280 posse,
252 3206 327 3281 quod
360 3205 431 3264 satis
461 3204 571 3280 prolixe
603 3204 672 3278 (lap.
706 3207 732 3263 6.
766 3204 801 3262 de
822 3204 971 3262 Miraculis
991 3205 1112 3263 ostendi.
1134 3207 1198 3263 Hoc

127 3290 241 3343 tantum
272 3285 319 3343 hic
344 3286 426 3357 addo,
448 3304 494 3343 me
514 3285 591 3343 inter
611 3284 790 3359 Religionem
813 3289 842 3342 et
863 3283 1102 3360 Superstitionem
1123 3285 1198 3343 hanc
1276 3319 1278 3322 ·

125 3365 300 3440 praecipuam
332 3385 490 3441 agnoscere
520 3364 719 3436 differentiam,
742 3365 818 3441 quod
840 3365 904 3422 haec
923 3363 1128 3438 ignorantiam,
1148 3364 1198 3423 illa

125 3450 223 3503 autem
235 3445 416 3521 ¹sapientiam
437 3465 490 3521 pro
511 3446 698 3503 fundamento
719 3446 842 3516 habeat3
864 3449 894 3502 et
914 3445 990 3502 hanc
1004 3463 1121 3502 causam
1135 3463 1198 3502 esse

125 3526 220 3596 credo,
252 3546 304 3584 our
331 3525 488 3585 Christiani
509 3546 567 3584 non
588 3526 653 3597 fide,
675 3545 768 3600 neque
789 3524 941 3596 charitate,
963 3543 1057 3600 neque
1078 3523 1198 3599 reliquis

158 3766 169 3792 ¹¹
186 3766 233 3812 Ed.
250 3767 291 3813 Pr.
308 3767 405 3813 omittit
421 3767 498 3812 modo.
624 3766 649 3792 “¹
669 3767 757 3812 Gerh.:
777 3767 845 3824 loope
862 3767 909 3812 dio.
925 3765 973 3822 foo.
990 3769 1051 3812 sent.

157 3828 197 3886 *a*
215 3829 291 3874 Gerh.
308 3829 405 3875 omittit
421 3830 504 3875 etiarn.
599 3831 610 3882 t
629 3829 718 3876 Gerh.:
738 3831 915 3888 incorpoream.
1005 3829 1032 3880 tt
1049 3825 1138 3873 seru:
1155 3825 1196 3874 cit,
