<?xml version="1.0" encoding="UTF-8"?>
<!DOCTYPE html PUBLIC "-//W3C//DTD XHTML 1.0 Transitional//EN"
    "http://www.w3.org/TR/xhtml1/DTD/xhtml1-transitional.dtd">
<html xmlns="http://www.w3.org/1999/xhtml" xml:lang="en" lang="en">
 <head>
  <title>
</title>
<meta http-equiv="Content-Type" content="text/html;charset=utf-8" />
  <meta name='ocr-system' content='tesseract 3.04.00' />
  <meta name='ocr-capabilities' content='ocr_page ocr_carea ocr_par ocr_line ocrx_word'/>
</head>
<body>
  <div class='ocr_page' id='page_1' title='image "./operaquotquotre00landgoog_0390.png"; bbox 0 0 2662 4298; ppageno 0'>
   <div class='ocr_carea' id='block_1_1' title="bbox 472 330 1132 437">
    <p class='ocr_par' dir='ltr' id='par_1_1' title="bbox 472 330 1132 437">
     <span class='ocr_line' id='line_1_1' title="bbox 472 330 1132 387; baseline 0.005 -3"><span class='ocrx_word' id='word_1_1' title='bbox 472 345 610 384; x_wconf 76' lang='lat' dir='ltr'>aarsrona</span> <span class='ocrx_word' id='word_1_2' title='bbox 634 346 724 386; x_wconf 79' lang='lat' dir='ltr'>nxvu.</span> <span class='ocrx_word' id='word_1_3' title='bbox 1074 330 1132 387; x_wconf 81' lang='lat'>399</span> 
     </span>
     <span class='ocr_line' id='line_1_2' title="bbox 527 410 532 437; baseline 0 0"><span class='ocrx_word' id='word_1_4' title='bbox 527 410 532 437; x_wconf 86' lang='lat' dir='ltr'>l</span> 
     </span>
    </p>
   </div>
   <div class='ocr_carea' id='block_1_2' title="bbox 10 485 1182 3681">
    <p class='ocr_par' dir='ltr' id='par_1_2' title="bbox 10 485 1135 1844">
     <span class='ocr_line' id='line_1_3' title="bbox 10 485 1133 562; baseline 0.004 -23"><span class='ocrx_word' id='word_1_5' title='bbox 10 534 14 539; x_wconf 90' lang='lat'>.</span> <span class='ocrx_word' id='word_1_6' title='bbox 58 487 148 562; x_wconf 83' lang='lat' dir='ltr'>signa</span> <span class='ocrx_word' id='word_1_7' title='bbox 169 485 338 561; x_wconf 67' lang='lat' dir='ltr'>supersunt)</span> <span class='ocrx_word' id='word_1_8' title='bbox 361 505 395 543; x_wconf 90' lang='lat' dir='ltr'>ac</span> <span class='ocrx_word' id='word_1_9' title='bbox 419 485 575 543; x_wconf 74' lang='lat' dir='ltr'>etiamnum</span> <span class='ocrx_word' id='word_1_10' title='bbox 596 485 676 544; x_wconf 80' lang='lat' dir='ltr'>fieri?</span> <span class='ocrx_word' id='word_1_11' title='bbox 698 487 746 544; x_wconf 92' lang='lat' dir='ltr'>An</span> <span class='ocrx_word' id='word_1_12' title='bbox 757 506 816 545; x_wconf 93' lang='lat' dir='ltr'>non</span> <span class='ocrx_word' id='word_1_13' title='bbox 827 487 925 544; x_wconf 80' lang='lat' dir='ltr'>eodeni</span> <span class='ocrx_word' id='word_1_14' title='bbox 937 487 1020 545; x_wconf 91' lang='lat' dir='ltr'>modo</span> <span class='ocrx_word' id='word_1_15' title='bbox 1033 486 1133 545; x_wconf 88' lang='lat' dir='ltr'>liceret</span> 
     </span>
     <span class='ocr_line' id='line_1_4' title="bbox 10 564 1131 641; baseline -0.001 -16"><span class='ocrx_word' id='word_1_16' title='bbox 10 564 25 639; x_wconf 55' lang='lat' dir='ltr'>j,</span> <span class='ocrx_word' id='word_1_17' title='bbox 60 567 134 626; x_wconf 90' lang='lat' dir='ltr'>mihi</span> <span class='ocrx_word' id='word_1_18' title='bbox 165 586 282 641; x_wconf 84' lang='lat' dir='ltr'>negare,</span> <span class='ocrx_word' id='word_1_19' title='bbox 308 567 453 624; x_wconf 89' lang='lat' dir='ltr'>Romanos</span> <span class='ocrx_word' id='word_1_20' title='bbox 477 565 611 641; x_wconf 87' lang='lat' dir='ltr'>antiquos</span> <span class='ocrx_word' id='word_1_21' title='bbox 631 585 757 640; x_wconf 89' lang='lat' dir='ltr'>unquam</span> <span class='ocrx_word' id='word_1_22' title='bbox 778 566 807 623; x_wconf 92' lang='lat' dir='ltr'>in</span> <span class='ocrx_word' id='word_1_23' title='bbox 829 568 934 625; x_wconf 89' lang='lat' dir='ltr'>mundo</span> <span class='ocrx_word' id='word_1_24' title='bbox 955 566 1053 639; x_wconf 88' lang='lat' dir='ltr'>fuisse,</span> <span class='ocrx_word' id='word_1_25' title='bbox 1076 567 1131 624; x_wconf 83' lang='lat' dir='ltr'>lm·</span> 
     </span>
     <span class='ocr_line' id='line_1_5' title="bbox 19 646 1131 724; baseline -0.004 -15"><span class='ocrx_word' id='word_1_26' title='bbox 19 648 28 709; x_wconf 68' lang='grc' dir='ltr'>ζ</span> <span class='ocrx_word' id='word_1_27' title='bbox 59 652 283 724; x_wconf 89' lang='lat' dir='ltr'>peratoremquc</span> <span class='ocrx_word' id='word_1_28' title='bbox 304 646 414 704; x_wconf 85' lang='lat' dir='ltr'>Julium</span> <span class='ocrx_word' id='word_1_29' title='bbox 435 646 578 704; x_wconf 88' lang='lat' dir='ltr'>Caesarem</span> <span class='ocrx_word' id='word_1_30' title='bbox 600 655 737 722; x_wconf 83' lang='lat' dir='ltr'>oppressa</span> <span class='ocrx_word' id='word_1_31' title='bbox 758 647 839 721; x_wconf 87' lang='lat' dir='ltr'>Reip.</span> <span class='ocrx_word' id='word_1_32' title='bbox 855 647 1003 705; x_wconf 77' lang='lat' dir='ltr'>Libertate</span> <span class='ocrx_word' id='word_1_33' title='bbox 1017 647 1131 705; x_wconf 92' lang='lat' dir='ltr'>illorum</span> 
     </span>
     <span class='ocr_line' id='line_1_6' title="bbox 61 724 1133 802; baseline -0.003 -15.136"><span class='ocrx_word' id='word_1_34' title='bbox 61 727 196 802; x_wconf 84' lang='lat' dir='ltr'>regimen</span> <span class='ocrx_word' id='word_1_35' title='bbox 226 727 258 784; x_wconf 93' lang='lat' dir='ltr'>in</span> <span class='ocrx_word' id='word_1_36' title='bbox 289 726 488 785; x_wconf 88' lang='lat' dir='ltr'>Monarchiam</span> <span class='ocrx_word' id='word_1_37' title='bbox 519 731 667 784; x_wconf 85' lang='lat' dir='ltr'>mutasse?</span> <span class='ocrx_word' id='word_1_38' title='bbox 695 726 767 784; x_wconf 88' lang='lat' dir='ltr'>nihil</span> <span class='ocrx_word' id='word_1_39' title='bbox 798 724 932 785; x_wconf 82' lang='lat' dir='ltr'>uidelicet</span> <span class='ocrx_word' id='word_1_40' title='bbox 954 727 1068 785; x_wconf 90' lang='lat' dir='ltr'>curanti</span> <span class='ocrx_word' id='word_1_41' title='bbox 1088 732 1133 785; x_wconf 91' lang='lat' dir='ltr'>tot</span> 
     </span>
     <span class='ocr_line' id='line_1_7' title="bbox 60 806 1133 882; baseline -0.003 -15"><span class='ocrx_word' id='word_1_42' title='bbox 60 812 250 867; x_wconf 89' lang='lat' dir='ltr'>monumenta</span> <span class='ocrx_word' id='word_1_43' title='bbox 271 807 402 865; x_wconf 90' lang='lat' dir='ltr'>omnibus</span> <span class='ocrx_word' id='word_1_44' title='bbox 423 806 517 878; x_wconf 87' lang='lat' dir='ltr'>obvia,</span> <span class='ocrx_word' id='word_1_45' title='bbox 540 827 605 882; x_wconf 87' lang='lat' dir='ltr'>quae</span> <span class='ocrx_word' id='word_1_46' title='bbox 628 807 662 865; x_wconf 90' lang='lat' dir='ltr'>de</span> <span class='ocrx_word' id='word_1_47' title='bbox 683 808 877 866; x_wconf 87' lang='lat' dir='ltr'>Romanorum</span> <span class='ocrx_word' id='word_1_48' title='bbox 898 807 1028 882; x_wconf 91' lang='lat' dir='ltr'>potentia</span> <span class='ocrx_word' id='word_1_49' title='bbox 1050 808 1133 866; x_wconf 91' lang='lat' dir='ltr'>nobis</span> 
     </span>
     <span class='ocr_line' id='line_1_8' title="bbox 10 883 1133 967; baseline -0.001 -21"><span class='ocrx_word' id='word_1_50' title='bbox 10 962 12 967; x_wconf 28' lang='grc' dir='ltr'>Ι</span> <span class='ocrx_word' id='word_1_51' title='bbox 59 893 180 963; x_wconf 87' lang='lat' dir='ltr'>tempus</span> <span class='ocrx_word' id='word_1_52' title='bbox 211 886 335 962; x_wconf 91' lang='lat' dir='ltr'>reliquit,</span> <span class='ocrx_word' id='word_1_53' title='bbox 367 907 420 945; x_wconf 89' lang='lat' dir='ltr'>nec</span> <span class='ocrx_word' id='word_1_54' title='bbox 452 907 509 944; x_wconf 93' lang='lat' dir='ltr'>non</span> <span class='ocrx_word' id='word_1_55' title='bbox 542 893 643 945; x_wconf 87' lang='lat' dir='ltr'>contra</span> <span class='ocrx_word' id='word_1_56' title='bbox 674 887 870 945; x_wconf 91' lang='lat' dir='ltr'>testimonium</span> <span class='ocrx_word' id='word_1_57' title='bbox 896 883 1133 962; x_wconf 74' lang='lat' dir='ltr'>grauissimorum</span> 
     </span>
     <span class='ocr_line' id='line_1_9' title="bbox 10 966 1134 1042; baseline -0.001 -16"><span class='ocrx_word' id='word_1_58' title='bbox 10 978 13 982; x_wconf 86' lang='lat'>&#39;</span> <span class='ocrx_word' id='word_1_59' title='bbox 57 967 178 1026; x_wconf 89' lang='lat' dir='ltr'>illorum</span> <span class='ocrx_word' id='word_1_60' title='bbox 212 968 376 1035; x_wconf 88' lang='lat' dir='ltr'>authorum,</span> <span class='ocrx_word' id='word_1_61' title='bbox 409 966 458 1042; x_wconf 92' lang='lat' dir='ltr'>qui</span> <span class='ocrx_word' id='word_1_62' title='bbox 490 987 616 1042; x_wconf 90' lang='lat' dir='ltr'>unquam</span> <span class='ocrx_word' id='word_1_63' title='bbox 648 967 793 1025; x_wconf 79' lang='lat' dir='ltr'>Historias</span> <span class='ocrx_word' id='word_1_64' title='bbox 823 969 961 1025; x_wconf 83' lang='lat' dir='ltr'>Romanae</span> <span class='ocrx_word' id='word_1_65' title='bbox 994 967 1075 1042; x_wconf 86' lang='lat' dir='ltr'>Reip.</span> <span class='ocrx_word' id='word_1_66' title='bbox 1104 972 1134 1025; x_wconf 95' lang='lat' dir='ltr'>et</span> 
     </span>
     <span class='ocr_line' id='line_1_10' title="bbox 60 1047 1132 1122; baseline -0.001 -16"><span class='ocrx_word' id='word_1_67' title='bbox 60 1047 253 1117; x_wconf 86' lang='lat' dir='ltr'>Monarchiae,</span> <span class='ocrx_word' id='word_1_68' title='bbox 275 1047 490 1122; x_wconf 83' lang='lat' dir='ltr'>particulariter</span> <span class='ocrx_word' id='word_1_69' title='bbox 509 1047 549 1105; x_wconf 92' lang='lat' dir='ltr'>ibi</span> <span class='ocrx_word' id='word_1_70' title='bbox 570 1047 693 1122; x_wconf 87' lang='lat' dir='ltr'>plurima</span> <span class='ocrx_word' id='word_1_71' title='bbox 708 1049 743 1106; x_wconf 91' lang='lat' dir='ltr'>de</span> <span class='ocrx_word' id='word_1_72' title='bbox 757 1049 776 1105; x_wconf 83' lang='lat' dir='ltr'>J</span> <span class='ocrx_word' id='word_1_73' title='bbox 778 1047 835 1105; x_wconf 87' lang='lat' dir='ltr'>ulio</span> <span class='ocrx_word' id='word_1_74' title='bbox 847 1048 959 1107; x_wconf 80' lang='lat' dir='ltr'>Caesare</span> <span class='ocrx_word' id='word_1_75' title='bbox 970 1053 1132 1118; x_wconf 90' lang='lat' dir='ltr'>narrantes,</span> 
     </span>
     <span class='ocr_line' id='line_1_11' title="bbox 60 1127 1134 1203; baseline -0.001 -17"><span class='ocrx_word' id='word_1_76' title='bbox 60 1127 271 1202; x_wconf 73' lang='lat' dir='ltr'>conscripsere,</span> <span class='ocrx_word' id='word_1_77' title='bbox 304 1133 333 1185; x_wconf 90' lang='lat' dir='ltr'>et</span> <span class='ocrx_word' id='word_1_78' title='bbox 362 1127 498 1203; x_wconf 84' lang='lat' dir='ltr'>judicium</span> <span class='ocrx_word' id='word_1_79' title='bbox 532 1133 576 1186; x_wconf 89' lang='lat' dir='ltr'>tot</span> <span class='ocrx_word' id='word_1_80' title='bbox 596 1127 743 1185; x_wconf 92' lang='lat' dir='ltr'>hominum</span> <span class='ocrx_word' id='word_1_81' title='bbox 764 1127 893 1198; x_wconf 91' lang='lat' dir='ltr'>millium,</span> <span class='ocrx_word' id='word_1_82' title='bbox 915 1128 964 1203; x_wconf 92' lang='lat' dir='ltr'>qui</span> <span class='ocrx_word' id='word_1_83' title='bbox 985 1133 1036 1186; x_wconf 85' lang='lat' dir='ltr'>aut</span> <span class='ocrx_word' id='word_1_84' title='bbox 1057 1128 1134 1186; x_wconf 89' lang='lat' dir='ltr'>dicta</span> 
     </span>
     <span class='ocr_line' id='line_1_12' title="bbox 58 1207 1134 1283; baseline -0.001 -16"><span class='ocrx_word' id='word_1_85' title='bbox 58 1213 255 1267; x_wconf 88' lang='lat' dir='ltr'>monumenta</span> <span class='ocrx_word' id='word_1_86' title='bbox 286 1207 342 1282; x_wconf 88' lang='lat' dir='ltr'>ipsi</span> <span class='ocrx_word' id='word_1_87' title='bbox 373 1207 517 1278; x_wconf 89' lang='lat' dir='ltr'>viderunt,</span> <span class='ocrx_word' id='word_1_88' title='bbox 548 1212 600 1266; x_wconf 90' lang='lat' dir='ltr'>aut</span> <span class='ocrx_word' id='word_1_89' title='bbox 630 1208 665 1265; x_wconf 90' lang='lat' dir='ltr'>iis</span> <span class='ocrx_word' id='word_1_90' title='bbox 698 1213 809 1283; x_wconf 76' lang='lat' dir='ltr'>(utpote</span> <span class='ocrx_word' id='word_1_91' title='bbox 833 1228 897 1283; x_wconf 86' lang='lat' dir='ltr'>quae</span> <span class='ocrx_word' id='word_1_92' title='bbox 919 1211 956 1266; x_wconf 89' lang='lat' dir='ltr'>ab</span> <span class='ocrx_word' id='word_1_93' title='bbox 976 1208 1134 1266; x_wconf 88' lang='lat' dir='ltr'>innumeris</span> 
     </span>
     <span class='ocr_line' id='line_1_13' title="bbox 58 1288 1134 1363; baseline -0.002 -16"><span class='ocrx_word' id='word_1_94' title='bbox 58 1288 191 1347; x_wconf 86' lang='lat' dir='ltr'>existere</span> <span class='ocrx_word' id='word_1_95' title='bbox 223 1288 416 1356; x_wconf 86' lang='lat' dir='ltr'>affirmantur)</span> <span class='ocrx_word' id='word_1_96' title='bbox 447 1288 557 1363; x_wconf 83' lang='lat' dir='ltr'>pariter</span> <span class='ocrx_word' id='word_1_97' title='bbox 587 1308 621 1346; x_wconf 92' lang='lat' dir='ltr'>ac</span> <span class='ocrx_word' id='word_1_98' title='bbox 649 1288 734 1346; x_wconf 91' lang='lat' dir='ltr'>dictis</span> <span class='ocrx_word' id='word_1_99' title='bbox 754 1288 882 1346; x_wconf 85' lang='lat' dir='ltr'>historiis</span> <span class='ocrx_word' id='word_1_100' title='bbox 901 1289 986 1346; x_wconf 90' lang='lat' dir='ltr'>fidem</span> <span class='ocrx_word' id='word_1_101' title='bbox 1008 1308 1134 1363; x_wconf 87' lang='lat' dir='ltr'>unquam</span> 
     </span>
     <span class='ocr_line' id='line_1_14' title="bbox 59 1368 1133 1440; baseline -0.002 -13"><span class='ocrx_word' id='word_1_102' title='bbox 59 1368 268 1440; x_wconf 87' lang='lat' dir='ltr'>adhibuerunt,</span> <span class='ocrx_word' id='word_1_103' title='bbox 303 1388 337 1426; x_wconf 91' lang='lat' dir='ltr'>ac</span> <span class='ocrx_word' id='word_1_104' title='bbox 371 1369 527 1426; x_wconf 89' lang='lat' dir='ltr'>etiamnum</span> <span class='ocrx_word' id='word_1_105' title='bbox 563 1369 716 1439; x_wconf 90' lang='lat' dir='ltr'>adhibent;</span> <span class='ocrx_word' id='word_1_106' title='bbox 753 1370 807 1426; x_wconf 88' lang='lat' dir='ltr'>hoc</span> <span class='ocrx_word' id='word_1_107' title='bbox 841 1389 905 1426; x_wconf 90' lang='lat' dir='ltr'>cum</span> <span class='ocrx_word' id='word_1_108' title='bbox 936 1369 1133 1435; x_wconf 86' lang='lat' dir='ltr'>fundamento,</span> 
     </span>
     <span class='ocr_line' id='line_1_15' title="bbox 60 1448 1133 1523; baseline -0.001 -17"><span class='ocrx_word' id='word_1_109' title='bbox 60 1449 200 1506; x_wconf 90' lang='lat' dir='ltr'>nimirum</span> <span class='ocrx_word' id='word_1_110' title='bbox 222 1449 297 1522; x_wconf 89' lang='lat' dir='ltr'>quod</span> <span class='ocrx_word' id='word_1_111' title='bbox 319 1450 373 1506; x_wconf 88' lang='lat' dir='ltr'>hac</span> <span class='ocrx_word' id='word_1_112' title='bbox 395 1453 478 1506; x_wconf 90' lang='lat' dir='ltr'>nocte</span> <span class='ocrx_word' id='word_1_113' title='bbox 493 1448 642 1523; x_wconf 87' lang='lat' dir='ltr'>praeterita</span> <span class='ocrx_word' id='word_1_114' title='bbox 656 1449 850 1518; x_wconf 85' lang='lat' dir='ltr'>somniassem,</span> <span class='ocrx_word' id='word_1_115' title='bbox 862 1453 1056 1516; x_wconf 90' lang='lat' dir='ltr'>monumenta,</span> <span class='ocrx_word' id='word_1_116' title='bbox 1069 1467 1133 1523; x_wconf 88' lang='lat' dir='ltr'>quae</span> 
     </span>
     <span class='ocr_line' id='line_1_16' title="bbox 59 1528 1132 1601; baseline 0 -15"><span class='ocrx_word' id='word_1_117' title='bbox 59 1530 100 1586; x_wconf 91' lang='lat' dir='ltr'>de</span> <span class='ocrx_word' id='word_1_118' title='bbox 122 1529 259 1586; x_wconf 85' lang='lat' dir='ltr'>Romanis</span> <span class='ocrx_word' id='word_1_119' title='bbox 280 1532 401 1601; x_wconf 89' lang='lat' dir='ltr'>restant,</span> <span class='ocrx_word' id='word_1_120' title='bbox 424 1549 482 1586; x_wconf 92' lang='lat' dir='ltr'>non</span> <span class='ocrx_word' id='word_1_121' title='bbox 502 1548 565 1586; x_wconf 89' lang='lat' dir='ltr'>esse</span> <span class='ocrx_word' id='word_1_122' title='bbox 587 1548 633 1586; x_wconf 89' lang='lat' dir='ltr'>res</span> <span class='ocrx_word' id='word_1_123' title='bbox 655 1530 791 1600; x_wconf 89' lang='lat' dir='ltr'>actuales,</span> <span class='ocrx_word' id='word_1_124' title='bbox 804 1528 1132 1598; x_wconf 85' lang='lat' dir='ltr'>sedmerasillusiones;</span> 
     </span>
     <span class='ocr_line' id='line_1_17' title="bbox 60 1608 1133 1684; baseline -0.002 -17"><span class='ocrx_word' id='word_1_125' title='bbox 60 1608 198 1668; x_wconf 87' lang='lat' dir='ltr'>similiter</span> <span class='ocrx_word' id='word_1_126' title='bbox 218 1613 248 1666; x_wconf 92' lang='lat' dir='ltr'>et</span> <span class='ocrx_word' id='word_1_127' title='bbox 268 1608 326 1676; x_wconf 92' lang='lat' dir='ltr'>illa,</span> <span class='ocrx_word' id='word_1_128' title='bbox 350 1629 414 1684; x_wconf 70' lang='lat' dir='ltr'>quae</span> <span class='ocrx_word' id='word_1_129' title='bbox 435 1609 470 1666; x_wconf 91' lang='lat' dir='ltr'>de</span> <span class='ocrx_word' id='word_1_130' title='bbox 491 1608 628 1666; x_wconf 86' lang='lat' dir='ltr'>Romanis</span> <span class='ocrx_word' id='word_1_131' title='bbox 650 1608 792 1679; x_wconf 91' lang='lat' dir='ltr'>dicuntur,</span> <span class='ocrx_word' id='word_1_132' title='bbox 814 1609 896 1684; x_wconf 87' lang='lat' dir='ltr'>paria</span> <span class='ocrx_word' id='word_1_133' title='bbox 917 1629 979 1666; x_wconf 90' lang='lat' dir='ltr'>esse</span> <span class='ocrx_word' id='word_1_134' title='bbox 1001 1629 1065 1667; x_wconf 86' lang='lat' dir='ltr'>oum</span> <span class='ocrx_word' id='word_1_135' title='bbox 1089 1608 1133 1681; x_wconf 90' lang='lat' dir='ltr'>iis,</span> 
     </span>
     <span class='ocr_line' id='line_1_18' title="bbox 60 1688 1135 1764; baseline 0 -18"><span class='ocrx_word' id='word_1_136' title='bbox 60 1709 130 1764; x_wconf 89' lang='lat' dir='ltr'>quae</span> <span class='ocrx_word' id='word_1_137' title='bbox 151 1688 217 1746; x_wconf 89' lang='lat' dir='ltr'>libri</span> <span class='ocrx_word' id='word_1_138' title='bbox 237 1688 295 1762; x_wconf 91' lang='lat' dir='ltr'>isti,</span> <span class='ocrx_word' id='word_1_139' title='bbox 319 1708 391 1764; x_wconf 88' lang='lat' dir='ltr'>quos</span> <span class='ocrx_word' id='word_1_140' title='bbox 413 1689 584 1746; x_wconf 90' lang='lat' dir='ltr'>Romansios</span> <span class='ocrx_word' id='word_1_141' title='bbox 606 1694 720 1760; x_wconf 91' lang='lat' dir='ltr'>vocant,</span> <span class='ocrx_word' id='word_1_142' title='bbox 743 1691 778 1747; x_wconf 90' lang='lat' dir='ltr'>de</span> <span class='ocrx_word' id='word_1_143' title='bbox 792 1689 922 1747; x_wconf 85' lang='lat' dir='ltr'>Amadiis</span> <span class='ocrx_word' id='word_1_144' title='bbox 937 1691 971 1747; x_wconf 90' lang='lat' dir='ltr'>de</span> <span class='ocrx_word' id='word_1_145' title='bbox 983 1688 1092 1758; x_wconf 82' lang='lat' dir='ltr'>Galliis,</span> <span class='ocrx_word' id='word_1_146' title='bbox 1105 1694 1135 1746; x_wconf 88' lang='lat' dir='ltr'>et</span> 
     </span>
     <span class='ocr_line' id='line_1_19' title="bbox 60 1768 1135 1844; baseline -0.002 -16"><span class='ocrx_word' id='word_1_147' title='bbox 60 1768 206 1828; x_wconf 83' lang='lat' dir='ltr'>similibus</span> <span class='ocrx_word' id='word_1_148' title='bbox 227 1769 372 1827; x_wconf 91' lang='lat' dir='ltr'>Heroibus</span> <span class='ocrx_word' id='word_1_149' title='bbox 393 1769 542 1844; x_wconf 88' lang='lat' dir='ltr'>pueriliter</span> <span class='ocrx_word' id='word_1_150' title='bbox 564 1775 700 1840; x_wconf 91' lang='lat' dir='ltr'>narrant;</span> <span class='ocrx_word' id='word_1_151' title='bbox 723 1790 857 1840; x_wconf 87' lang='lat' dir='ltr'>necnon,</span> <span class='ocrx_word' id='word_1_152' title='bbox 872 1769 1135 1828; x_wconf 85' lang='lat' dir='ltr'>JuliumCaesarem</span> 
     </span>
    </p>

    <p class='ocr_par' dir='ltr' id='par_1_3' title="bbox 22 1848 1182 3031">
     <span class='ocr_line' id='line_1_20' title="bbox 61 1848 1135 1923; baseline -0.002 -15"><span class='ocrx_word' id='word_1_153' title='bbox 61 1853 118 1908; x_wconf 86' lang='lat' dir='ltr'>aut</span> <span class='ocrx_word' id='word_1_154' title='bbox 140 1853 314 1923; x_wconf 85' lang='lat' dir='ltr'>nunquam*</span> <span class='ocrx_word' id='word_1_155' title='bbox 335 1849 365 1906; x_wconf 93' lang='lat' dir='ltr'>in</span> <span class='ocrx_word' id='word_1_156' title='bbox 387 1850 493 1907; x_wconf 91' lang='lat' dir='ltr'>mundo</span> <span class='ocrx_word' id='word_1_157' title='bbox 515 1849 611 1920; x_wconf 88' lang='lat' dir='ltr'>fuisse,</span> <span class='ocrx_word' id='word_1_158' title='bbox 634 1855 693 1921; x_wconf 91' lang='lat' dir='ltr'>aut,</span> <span class='ocrx_word' id='word_1_159' title='bbox 716 1850 740 1907; x_wconf 93' lang='lat' dir='ltr'>si</span> <span class='ocrx_word' id='word_1_160' title='bbox 761 1849 868 1919; x_wconf 86' lang='lat' dir='ltr'>extitit,</span> <span class='ocrx_word' id='word_1_161' title='bbox 889 1851 1032 1907; x_wconf 90' lang='lat' dir='ltr'>hominem</span> <span class='ocrx_word' id='word_1_162' title='bbox 1047 1848 1135 1906; x_wconf 84' lang='lat' dir='ltr'>fuisse</span> 
     </span>
     <span class='ocr_line' id='line_1_21' title="bbox 22 1922 1134 2010; baseline 0 -24"><span class='ocrx_word' id='word_1_163' title='bbox 22 1922 33 1933; x_wconf 68' lang='grc'><strong>”</strong></span> <span class='ocrx_word' id='word_1_164' title='bbox 63 1929 285 1998; x_wconf 88' lang='lat' dir='ltr'>Atrabilarium‚</span> <span class='ocrx_word' id='word_1_165' title='bbox 309 1929 358 2004; x_wconf 93' lang='lat' dir='ltr'>qui</span> <span class='ocrx_word' id='word_1_166' title='bbox 369 1950 427 1987; x_wconf 91' lang='lat' dir='ltr'>non</span> <span class='ocrx_word' id='word_1_167' title='bbox 438 1949 542 1988; x_wconf 90' lang='lat' dir='ltr'>revera</span> <span class='ocrx_word' id='word_1_168' title='bbox 552 1931 746 2007; x_wconf 88' lang='lat' dir='ltr'>Romanorum</span> <span class='ocrx_word' id='word_1_169' title='bbox 757 1930 933 2010; x_wconf 83' lang='lat' dir='ltr'>Libertatem</span> <span class='ocrx_word' id='word_1_170' title='bbox 945 1929 1134 1994; x_wconf 82' lang='lat' dir='ltr'>conculcavit,</span> 
     </span>
     <span class='ocr_line' id='line_1_22' title="bbox 60 2009 1134 2085; baseline -0.001 -17"><span class='ocrx_word' id='word_1_171' title='bbox 60 2009 193 2084; x_wconf 89' lang='lat' dir='ltr'>seipsum</span> <span class='ocrx_word' id='word_1_172' title='bbox 216 2029 303 2084; x_wconf 91' lang='lat' dir='ltr'>super</span> <span class='ocrx_word' id='word_1_173' title='bbox 325 2009 490 2085; x_wconf 87' lang='lat' dir='ltr'>Majestatis</span> <span class='ocrx_word' id='word_1_174' title='bbox 511 2009 709 2085; x_wconf 87' lang='lat' dir='ltr'>Imperatoriae</span> <span class='ocrx_word' id='word_1_175' title='bbox 731 2010 879 2068; x_wconf 86' lang='lat' dir='ltr'>Thronum</span> <span class='ocrx_word' id='word_1_176' title='bbox 900 2009 1023 2084; x_wconf 85' lang='lat' dir='ltr'>erigens,</span> <span class='ocrx_word' id='word_1_177' title='bbox 1037 2009 1086 2067; x_wconf 91' lang='lat' dir='ltr'>sed</span> <span class='ocrx_word' id='word_1_178' title='bbox 1098 2010 1134 2067; x_wconf 90' lang='lat' dir='ltr'>ad</span> 
     </span>
     <span class='ocr_line' id='line_1_23' title="bbox 59 2089 1135 2165; baseline -0.002 -17"><span class='ocrx_word' id='word_1_179' title='bbox 59 2091 248 2160; x_wconf 88' lang='lat' dir='ltr'>credendum,</span> <span class='ocrx_word' id='word_1_180' title='bbox 271 2110 302 2147; x_wconf 91' lang='lat' dir='ltr'>se</span> <span class='ocrx_word' id='word_1_181' title='bbox 325 2092 388 2148; x_wconf 87' lang='lat' dir='ltr'>haec</span> <span class='ocrx_word' id='word_1_182' title='bbox 410 2109 517 2164; x_wconf 86' lang='lat' dir='ltr'>magna</span> <span class='ocrx_word' id='word_1_183' title='bbox 537 2090 699 2164; x_wconf 80' lang='lat' dir='ltr'>perfecisse,</span> <span class='ocrx_word' id='word_1_184' title='bbox 722 2097 774 2148; x_wconf 76' lang='lat' dir='ltr'>sua</span> <span class='ocrx_word' id='word_1_185' title='bbox 794 2090 911 2165; x_wconf 82' lang='lat' dir='ltr'>propria</span> <span class='ocrx_word' id='word_1_186' title='bbox 926 2090 1016 2148; x_wconf 82' lang='lat' dir='ltr'>stulta</span> <span class='ocrx_word' id='word_1_187' title='bbox 1031 2089 1135 2164; x_wconf 82' lang='lat' dir='ltr'>imagi-</span> 
     </span>
     <span class='ocr_line' id='line_1_24' title="bbox 61 2169 1135 2245; baseline -0.002 -17"><span class='ocrx_word' id='word_1_188' title='bbox 61 2169 191 2242; x_wconf 84' lang='lat' dir='ltr'>natione,</span> <span class='ocrx_word' id='word_1_189' title='bbox 204 2171 252 2228; x_wconf 91' lang='lat' dir='ltr'>vel</span> <span class='ocrx_word' id='word_1_190' title='bbox 262 2169 418 2229; x_wconf 88' lang='lat' dir='ltr'>amicorum</span> <span class='ocrx_word' id='word_1_191' title='bbox 429 2169 484 2245; x_wconf 91' lang='lat' dir='ltr'>ipsi</span> <span class='ocrx_word' id='word_1_192' title='bbox 495 2170 702 2228; x_wconf 88' lang='lat' dir='ltr'>blandientium</span> <span class='ocrx_word' id='word_1_193' title='bbox 713 2170 909 2245; x_wconf 84' lang='lat' dir='ltr'>persuasione,</span> <span class='ocrx_word' id='word_1_194' title='bbox 918 2169 1053 2228; x_wconf 88' lang='lat' dir='ltr'>inductus</span> <span class='ocrx_word' id='word_1_195' title='bbox 1060 2169 1135 2227; x_wconf 81' lang='lat' dir='ltr'>fuit?</span> 
     </span>
     <span class='ocr_line' id='line_1_25' title="bbox 61 2249 1135 2326; baseline -0.001 -18"><span class='ocrx_word' id='word_1_196' title='bbox 61 2253 173 2308; x_wconf 92' lang='lat' dir='ltr'>Annon</span> <span class='ocrx_word' id='word_1_197' title='bbox 195 2270 314 2326; x_wconf 87' lang='lat' dir='ltr'>prorsus</span> <span class='ocrx_word' id='word_1_198' title='bbox 336 2251 435 2308; x_wconf 89' lang='lat' dir='ltr'>eodem</span> <span class='ocrx_word' id='word_1_199' title='bbox 456 2251 539 2308; x_wconf 91' lang='lat' dir='ltr'>modo</span> <span class='ocrx_word' id='word_1_200' title='bbox 561 2249 660 2308; x_wconf 91' lang='lat' dir='ltr'>liceret</span> <span class='ocrx_word' id='word_1_201' title='bbox 680 2250 750 2307; x_wconf 88' lang='lat' dir='ltr'>mihi</span> <span class='ocrx_word' id='word_1_202' title='bbox 766 2270 882 2325; x_wconf 85' lang='lat' dir='ltr'>negare,</span> <span class='ocrx_word' id='word_1_203' title='bbox 899 2270 1021 2324; x_wconf 86' lang='lat' dir='ltr'>regnum</span> <span class='ocrx_word' id='word_1_204' title='bbox 1035 2249 1135 2307; x_wconf 87' lang='lat' dir='ltr'>Chinae</span> 
     </span>
     <span class='ocr_line' id='line_1_26' title="bbox 60 2328 1131 2406; baseline -0.001 -18"><span class='ocrx_word' id='word_1_205' title='bbox 60 2351 81 2388; x_wconf 90' lang='lat' dir='ltr'>a</span> <span class='ocrx_word' id='word_1_206' title='bbox 103 2331 233 2388; x_wconf 83' lang='lat' dir='ltr'>Tartaris</span> <span class='ocrx_word' id='word_1_207' title='bbox 254 2336 433 2406; x_wconf 88' lang='lat' dir='ltr'>occupatum,</span> <span class='ocrx_word' id='word_1_208' title='bbox 457 2330 725 2405; x_wconf 78' lang='lat' dir='ltr'>Constantinopolin</span> <span class='ocrx_word' id='word_1_209' title='bbox 739 2328 835 2389; x_wconf 91' lang='lat' dir='ltr'>sedem</span> <span class='ocrx_word' id='word_1_210' title='bbox 846 2331 963 2405; x_wconf 87' lang='lat' dir='ltr'>Imperii</span> <span class='ocrx_word' id='word_1_211' title='bbox 974 2332 1131 2388; x_wconf 87' lang='lat' dir='ltr'>Turcarum</span> 
     </span>
     <span class='ocr_line' id='line_1_27' title="bbox 57 2410 1132 2485; baseline -0.001 -17"><span class='ocrx_word' id='word_1_212' title='bbox 57 2430 135 2481; x_wconf 88' lang='lat' dir='ltr'>esse,</span> <span class='ocrx_word' id='word_1_213' title='bbox 167 2417 196 2469; x_wconf 90' lang='lat' dir='ltr'>et</span> <span class='ocrx_word' id='word_1_214' title='bbox 227 2410 330 2469; x_wconf 89' lang='lat' dir='ltr'>similia</span> <span class='ocrx_word' id='word_1_215' title='bbox 349 2411 520 2468; x_wconf 80' lang='lat' dir='ltr'>innumera?</span> <span class='ocrx_word' id='word_1_216' title='bbox 542 2411 650 2469; x_wconf 84' lang='lat' dir='ltr'>Verum</span> <span class='ocrx_word' id='word_1_217' title='bbox 672 2430 710 2468; x_wconf 92' lang='lat' dir='ltr'>an</span> <span class='ocrx_word' id='word_1_218' title='bbox 730 2411 805 2469; x_wconf 91' lang='lat' dir='ltr'>ullus</span> <span class='ocrx_word' id='word_1_219' title='bbox 825 2431 871 2469; x_wconf 88' lang='lat' dir='ltr'>me</span> <span class='ocrx_word' id='word_1_220' title='bbox 892 2412 955 2469; x_wconf 89' lang='lat' dir='ltr'>haec</span> <span class='ocrx_word' id='word_1_221' title='bbox 977 2416 1132 2485; x_wconf 86' lang='lat' dir='ltr'>negantem</span> 
     </span>
     <span class='ocr_line' id='line_1_28' title="bbox 60 2490 1134 2566; baseline 0 -18"><span class='ocrx_word' id='word_1_222' title='bbox 60 2490 168 2549; x_wconf 91' lang='lat' dir='ltr'>mentis</span> <span class='ocrx_word' id='word_1_223' title='bbox 198 2492 319 2549; x_wconf 90' lang='lat' dir='ltr'>haberet</span> <span class='ocrx_word' id='word_1_224' title='bbox 350 2496 520 2566; x_wconf 91' lang='lat' dir='ltr'>compotem,</span> <span class='ocrx_word' id='word_1_225' title='bbox 553 2511 587 2549; x_wconf 89' lang='lat' dir='ltr'>ac</span> <span class='ocrx_word' id='word_1_226' title='bbox 608 2490 728 2549; x_wconf 88' lang='lat' dir='ltr'>insaniae</span> <span class='ocrx_word' id='word_1_227' title='bbox 750 2491 934 2566; x_wconf 84' lang='lat' dir='ltr'>deplorandae</span> <span class='ocrx_word' id='word_1_228' title='bbox 956 2495 1134 2549; x_wconf 81' lang='lat' dir='ltr'>excusaret?</span> 
     </span>
     <span class='ocr_line' id='line_1_29' title="bbox 60 2571 1134 2647; baseline 0 -18"><span class='ocrx_word' id='word_1_229' title='bbox 60 2571 206 2641; x_wconf 78' lang='lat' dir='ltr'>Quoniam</span> <span class='ocrx_word' id='word_1_230' title='bbox 236 2571 333 2629; x_wconf 92' lang='lat' dir='ltr'>omnia</span> <span class='ocrx_word' id='word_1_231' title='bbox 363 2572 427 2630; x_wconf 87' lang='lat' dir='ltr'>haec</span> <span class='ocrx_word' id='word_1_232' title='bbox 459 2571 600 2630; x_wconf 91' lang='lat' dir='ltr'>communi</span> <span class='ocrx_word' id='word_1_233' title='bbox 626 2571 736 2647; x_wconf 91' lang='lat' dir='ltr'>aliquot</span> <span class='ocrx_word' id='word_1_234' title='bbox 756 2571 873 2630; x_wconf 92' lang='lat' dir='ltr'>millium</span> <span class='ocrx_word' id='word_1_235' title='bbox 896 2571 1043 2629; x_wconf 91' lang='lat' dir='ltr'>hominum</span> <span class='ocrx_word' id='word_1_236' title='bbox 1065 2591 1134 2629; x_wconf 91' lang='lat' dir='ltr'>con-</span> 
     </span>
     <span class='ocr_line' id='line_1_30' title="bbox 63 2651 1182 2721; baseline 0.001 -12"><span class='ocrx_word' id='word_1_237' title='bbox 63 2671 153 2710; x_wconf 88' lang='lat' dir='ltr'>sensu</span> <span class='ocrx_word' id='word_1_238' title='bbox 184 2651 357 2719; x_wconf 91' lang='lat' dir='ltr'>innituntur,</span> <span class='ocrx_word' id='word_1_239' title='bbox 382 2672 417 2710; x_wconf 87' lang='lat' dir='ltr'>ac</span> <span class='ocrx_word' id='word_1_240' title='bbox 436 2651 542 2710; x_wconf 89' lang='lat' dir='ltr'>idcirco</span> <span class='ocrx_word' id='word_1_241' title='bbox 564 2671 662 2711; x_wconf 91' lang='lat' dir='ltr'>eorum</span> <span class='ocrx_word' id='word_1_242' title='bbox 683 2651 825 2710; x_wconf 86' lang='lat' dir='ltr'>certitudo</span> <span class='ocrx_word' id='word_1_243' title='bbox 846 2658 891 2710; x_wconf 94' lang='lat' dir='ltr'>est</span> <span class='ocrx_word' id='word_1_244' title='bbox 911 2651 1135 2721; x_wconf 89' lang='lat' dir='ltr'>evidentissima,</span> <span class='ocrx_word' id='word_1_245' title='bbox 1178 2703 1182 2710; x_wconf 91' lang='lat'><em>.</em></span> 
     </span>
     <span class='ocr_line' id='line_1_31' title="bbox 60 2731 1136 2809; baseline -0.001 -19"><span class='ocrx_word' id='word_1_246' title='bbox 60 2731 131 2807; x_wconf 89' lang='lat' dir='ltr'>quia</span> <span class='ocrx_word' id='word_1_247' title='bbox 162 2731 336 2806; x_wconf 87' lang='lat' dir='ltr'>impossibile</span> <span class='ocrx_word' id='word_1_248' title='bbox 367 2737 419 2803; x_wconf 88' lang='lat' dir='ltr'>est,</span> <span class='ocrx_word' id='word_1_249' title='bbox 452 2737 485 2791; x_wconf 92' lang='lat' dir='ltr'>ut</span> <span class='ocrx_word' id='word_1_250' title='bbox 516 2753 614 2791; x_wconf 87' lang='lat' dir='ltr'>omnes</span> <span class='ocrx_word' id='word_1_251' title='bbox 645 2732 722 2800; x_wconf 89' lang='lat' dir='ltr'>talia,</span> <span class='ocrx_word' id='word_1_252' title='bbox 755 2733 811 2790; x_wconf 89' lang='lat' dir='ltr'>imo</span> <span class='ocrx_word' id='word_1_253' title='bbox 844 2733 1053 2809; x_wconf 89' lang='lat' dir='ltr'>quamplurima</span> <span class='ocrx_word' id='word_1_254' title='bbox 1078 2732 1136 2790; x_wconf 88' lang='lat' dir='ltr'>alia</span> 
     </span>
     <span class='ocr_line' id='line_1_32' title="bbox 61 2811 1136 2888; baseline 0.001 -19"><span class='ocrx_word' id='word_1_255' title='bbox 61 2816 235 2883; x_wconf 88' lang='lat' dir='ltr'>asserentes,</span> <span class='ocrx_word' id='word_1_256' title='bbox 258 2812 367 2887; x_wconf 89' lang='lat' dir='ltr'>seipsos</span> <span class='ocrx_word' id='word_1_257' title='bbox 387 2811 551 2882; x_wconf 85' lang='lat' dir='ltr'>fefellerint,</span> <span class='ocrx_word' id='word_1_258' title='bbox 573 2817 624 2871; x_wconf 88' lang='lat' dir='ltr'>aut</span> <span class='ocrx_word' id='word_1_259' title='bbox 647 2813 748 2871; x_wconf 89' lang='lat' dir='ltr'>fallere</span> <span class='ocrx_word' id='word_1_260' title='bbox 769 2813 840 2871; x_wconf 87' lang='lat' dir='ltr'>alios</span> <span class='ocrx_word' id='word_1_261' title='bbox 860 2813 1006 2872; x_wconf 81' lang='lat' dir='ltr'>voluerint</span> <span class='ocrx_word' id='word_1_262' title='bbox 1026 2833 1078 2888; x_wconf 91' lang='lat' dir='ltr'>per</span> <span class='ocrx_word' id='word_1_263' title='bbox 1093 2816 1136 2870; x_wconf 89' lang='lat' dir='ltr'>tot</span> 
     </span>
     <span class='ocr_line' id='line_1_33' title="bbox 60 2892 1135 2968; baseline 0 -18"><span class='ocrx_word' id='word_1_264' title='bbox 60 2892 244 2961; x_wconf 87' lang='lat' dir='ltr'>saeculorum,</span> <span class='ocrx_word' id='word_1_265' title='bbox 275 2892 332 2950; x_wconf 89' lang='lat' dir='ltr'>imo</span> <span class='ocrx_word' id='word_1_266' title='bbox 360 2892 391 2950; x_wconf 91' lang='lat' dir='ltr'>in</span> <span class='ocrx_word' id='word_1_267' title='bbox 415 2892 632 2967; x_wconf 88' lang='lat' dir='ltr'>quamplurimis</span> <span class='ocrx_word' id='word_1_268' title='bbox 653 2913 670 2950; x_wconf 92' lang='lat' dir='ltr'>a</span> <span class='ocrx_word' id='word_1_269' title='bbox 690 2892 790 2968; x_wconf 81' lang='lat' dir='ltr'>plimis</span> <span class='ocrx_word' id='word_1_270' title='bbox 810 2893 908 2951; x_wconf 92' lang='lat' dir='ltr'>mundi</span> <span class='ocrx_word' id='word_1_271' title='bbox 930 2893 1022 2962; x_wconf 79' lang='lat' dir='ltr'>anniS,</span> <span class='ocrx_word' id='word_1_272' title='bbox 1045 2911 1135 2967; x_wconf 92' lang='lat' dir='ltr'>usque</span> 
     </span>
     <span class='ocr_line' id='line_1_34' title="bbox 63 2972 528 3031; baseline 0 -1"><span class='ocrx_word' id='word_1_273' title='bbox 63 2975 95 3030; x_wconf 92' lang='lat' dir='ltr'>in</span> <span class='ocrx_word' id='word_1_274' title='bbox 118 2972 195 3030; x_wconf 92' lang='lat' dir='ltr'>hunc</span> <span class='ocrx_word' id='word_1_275' title='bbox 216 2972 290 3030; x_wconf 91' lang='lat' dir='ltr'>diem</span> <span class='ocrx_word' id='word_1_276' title='bbox 312 2972 528 3031; x_wconf 87' lang='lat' dir='ltr'>successionem.</span> 
     </span>
    </p>

    <p class='ocr_par' dir='ltr' id='par_1_4' title="bbox 62 3051 1136 3529">
     <span class='ocr_line' id='line_1_35' title="bbox 108 3051 1136 3121; baseline 0 -11"><span class='ocrx_word' id='word_1_277' title='bbox 108 3052 264 3110; x_wconf 80' lang='lat' dir='ltr'>Considera</span> <span class='ocrx_word' id='word_1_278' title='bbox 295 3054 429 3121; x_wconf 91' lang='lat' dir='ltr'>secundo,</span> <span class='ocrx_word' id='word_1_279' title='bbox 459 3051 616 3111; x_wconf 81' lang='lat' dir='ltr'>Ecclesiam</span> <span class='ocrx_word' id='word_1_280' title='bbox 647 3051 701 3110; x_wconf 91' lang='lat' dir='ltr'>Dei</span> <span class='ocrx_word' id='word_1_281' title='bbox 721 3054 758 3110; x_wconf 92' lang='lat' dir='ltr'>ab</span> <span class='ocrx_word' id='word_1_282' title='bbox 778 3052 860 3110; x_wconf 90' lang='lat' dir='ltr'>initio</span> <span class='ocrx_word' id='word_1_283' title='bbox 881 3053 980 3110; x_wconf 90' lang='lat' dir='ltr'>mundi</span> <span class='ocrx_word' id='word_1_284' title='bbox 1001 3054 1037 3110; x_wconf 88' lang='lat' dir='ltr'>ad</span> <span class='ocrx_word' id='word_1_285' title='bbox 1060 3053 1136 3110; x_wconf 88' lang='lat' dir='ltr'>huuc</span> 
     </span>
     <span class='ocr_line' id='line_1_36' title="bbox 65 3131 1134 3208; baseline -0.001 -17"><span class='ocrx_word' id='word_1_286' title='bbox 65 3152 157 3207; x_wconf 91' lang='lat' dir='ltr'>usque</span> <span class='ocrx_word' id='word_1_287' title='bbox 189 3132 262 3191; x_wconf 89' lang='lat' dir='ltr'>diem</span> <span class='ocrx_word' id='word_1_288' title='bbox 294 3152 352 3191; x_wconf 92' lang='lat' dir='ltr'>non</span> <span class='ocrx_word' id='word_1_289' title='bbox 373 3133 537 3208; x_wconf 90' lang='lat' dir='ltr'>interrupta</span> <span class='ocrx_word' id='word_1_290' title='bbox 557 3131 737 3190; x_wconf 87' lang='lat' dir='ltr'>successione</span> <span class='ocrx_word' id='word_1_291' title='bbox 757 3138 956 3208; x_wconf 85' lang='lat' dir='ltr'>propagatam,</span> <span class='ocrx_word' id='word_1_292' title='bbox 977 3132 1134 3202; x_wconf 91' lang='lat' dir='ltr'>immotam,</span> 
     </span>
     <span class='ocr_line' id='line_1_37' title="bbox 62 3212 1135 3288; baseline 0 -18"><span class='ocrx_word' id='word_1_293' title='bbox 62 3233 100 3271; x_wconf 89' lang='lat' dir='ltr'>ac</span> <span class='ocrx_word' id='word_1_294' title='bbox 130 3212 249 3271; x_wconf 90' lang='lat' dir='ltr'>solidam</span> <span class='ocrx_word' id='word_1_295' title='bbox 280 3213 452 3288; x_wconf 90' lang='lat' dir='ltr'>persistere;</span> <span class='ocrx_word' id='word_1_296' title='bbox 486 3233 549 3270; x_wconf 93' lang='lat' dir='ltr'>cum</span> <span class='ocrx_word' id='word_1_297' title='bbox 581 3232 681 3270; x_wconf 89' lang='lat' dir='ltr'>onmes</span> <span class='ocrx_word' id='word_1_298' title='bbox 711 3212 773 3272; x_wconf 86' lang='lat' dir='ltr'>aliae</span> <span class='ocrx_word' id='word_1_299' title='bbox 803 3213 977 3288; x_wconf 86' lang='lat' dir='ltr'>Religiones,</span> <span class='ocrx_word' id='word_1_300' title='bbox 1008 3213 1135 3287; x_wconf 84' lang='lat' dir='ltr'>Paganae</span> 
     </span>
     <span class='ocr_line' id='line_1_38' title="bbox 62 3292 1136 3368; baseline -0.001 -17"><span class='ocrx_word' id='word_1_301' title='bbox 62 3297 117 3351; x_wconf 90' lang='lat' dir='ltr'>aut</span> <span class='ocrx_word' id='word_1_302' title='bbox 147 3293 310 3364; x_wconf 83' lang='lat' dir='ltr'>Haereticae,</span> <span class='ocrx_word' id='word_1_303' title='bbox 342 3293 456 3351; x_wconf 91' lang='lat' dir='ltr'>initium</span> <span class='ocrx_word' id='word_1_304' title='bbox 487 3294 589 3351; x_wconf 89' lang='lat' dir='ltr'>saltem</span> <span class='ocrx_word' id='word_1_305' title='bbox 619 3297 730 3368; x_wconf 89' lang='lat' dir='ltr'>postea,</span> <span class='ocrx_word' id='word_1_306' title='bbox 762 3292 786 3350; x_wconf 93' lang='lat' dir='ltr'>si</span> <span class='ocrx_word' id='word_1_307' title='bbox 817 3312 875 3350; x_wconf 92' lang='lat' dir='ltr'>non</span> <span class='ocrx_word' id='word_1_308' title='bbox 907 3297 936 3350; x_wconf 92' lang='lat' dir='ltr'>et</span> <span class='ocrx_word' id='word_1_309' title='bbox 960 3293 1020 3368; x_wconf 85' lang='lat' dir='ltr'>jam</span> <span class='ocrx_word' id='word_1_310' title='bbox 1050 3293 1136 3350; x_wconf 91' lang='lat' dir='ltr'>finem</span> 
     </span>
     <span class='ocr_line' id='line_1_39' title="bbox 65 3372 1135 3448; baseline 0 -18"><span class='ocrx_word' id='word_1_311' title='bbox 65 3373 229 3444; x_wconf 80' lang='lat' dir='ltr'>habuerint,</span> <span class='ocrx_word' id='word_1_312' title='bbox 251 3373 382 3448; x_wconf 90' lang='lat' dir='ltr'>idemque</span> <span class='ocrx_word' id='word_1_313' title='bbox 403 3375 438 3431; x_wconf 90' lang='lat' dir='ltr'>de</span> <span class='ocrx_word' id='word_1_314' title='bbox 458 3393 614 3448; x_wconf 83' lang='lat' dir='ltr'>regnorum</span> <span class='ocrx_word' id='word_1_315' title='bbox 640 3372 824 3443; x_wconf 87' lang='lat' dir='ltr'>Monarchiis,</span> <span class='ocrx_word' id='word_1_316' title='bbox 846 3377 876 3430; x_wconf 88' lang='lat' dir='ltr'>et·</span> <span class='ocrx_word' id='word_1_317' title='bbox 896 3372 1135 3448; x_wconf 86' lang='lat' dir='ltr'>Philosophorum</span> 
     </span>
     <span class='ocr_line' id='line_1_40' title="bbox 64 3452 656 3529; baseline 0.003 -19"><span class='ocrx_word' id='word_1_318' title='bbox 64 3453 236 3529; x_wconf 90' lang='lat' dir='ltr'>quorumvis</span> <span class='ocrx_word' id='word_1_319' title='bbox 256 3453 446 3528; x_wconf 70' lang='lat' dir='ltr'>opinionibus</span> <span class='ocrx_word' id='word_1_320' title='bbox 469 3452 523 3512; x_wconf 90' lang='lat' dir='ltr'>dici</span> <span class='ocrx_word' id='word_1_321' title='bbox 545 3454 656 3512; x_wconf 87' lang='lat' dir='ltr'>debeat.</span> 
     </span>
    </p>

    <p class='ocr_par' dir='ltr' id='par_1_5' title="bbox 65 3531 1136 3681">
     <span class='ocr_line' id='line_1_41' title="bbox 108 3531 1136 3608; baseline -0.003 -17"><span class='ocrx_word' id='word_1_322' title='bbox 108 3533 264 3592; x_wconf 88' lang='lat' dir='ltr'>Considera</span> <span class='ocrx_word' id='word_1_323' title='bbox 285 3533 387 3591; x_wconf 89' lang='lat' dir='ltr'>deinde</span> <span class='ocrx_word' id='word_1_324' title='bbox 408 3533 503 3603; x_wconf 90' lang='lat' dir='ltr'>tertio,</span> <span class='ocrx_word' id='word_1_325' title='bbox 525 3533 681 3591; x_wconf 85' lang='lat' dir='ltr'>Ecclesiam</span> <span class='ocrx_word' id='word_1_326' title='bbox 703 3533 756 3592; x_wconf 92' lang='lat' dir='ltr'>Dei</span> <span class='ocrx_word' id='word_1_327' title='bbox 776 3553 828 3608; x_wconf 87' lang='lat' dir='ltr'>per·</span> <span class='ocrx_word' id='word_1_328' title='bbox 850 3533 1006 3590; x_wconf 91' lang='lat' dir='ltr'>adventum</span> <span class='ocrx_word' id='word_1_329' title='bbox 1029 3531 1136 3591; x_wconf 89' lang='lat' dir='ltr'>Christi</span> 
     </span>
     <span class='ocr_line' id='line_1_42' title="bbox 65 3612 1134 3681; baseline -0.001 -11"><span class='ocrx_word' id='word_1_330' title='bbox 65 3614 96 3671; x_wconf 92' lang='lat' dir='ltr'>in</span> <span class='ocrx_word' id='word_1_331' title='bbox 118 3633 205 3671; x_wconf 88' lang='lat' dir='ltr'>carne</span> <span class='ocrx_word' id='word_1_332' title='bbox 226 3633 243 3671; x_wconf 92' lang='lat' dir='ltr'>a</span> <span class='ocrx_word' id='word_1_333' title='bbox 265 3615 343 3672; x_wconf 90' lang='lat' dir='ltr'>cultu</span> <span class='ocrx_word' id='word_1_334' title='bbox 364 3613 480 3672; x_wconf 88' lang='lat' dir='ltr'>Veteris</span> <span class='ocrx_word' id='word_1_335' title='bbox 500 3615 536 3672; x_wconf 91' lang='lat' dir='ltr'>ad</span> <span class='ocrx_word' id='word_1_336' title='bbox 558 3613 633 3672; x_wconf 91' lang='lat' dir='ltr'>Novi</span> <span class='ocrx_word' id='word_1_337' title='bbox 654 3612 831 3672; x_wconf 83' lang='lat' dir='ltr'>Testamenti</span> <span class='ocrx_word' id='word_1_338' title='bbox 852 3612 959 3670; x_wconf 91' lang='lat' dir='ltr'>cultum</span> <span class='ocrx_word' id='word_1_339' title='bbox 978 3613 1134 3681; x_wconf 89' lang='lat' dir='ltr'>redactam,</span> 
     </span>
    </p>
   </div>
   <div class='ocr_carea' id='block_1_3' title="bbox 96 3808 379 3868">
    <p class='ocr_par' dir='ltr' id='par_1_6' title="bbox 96 3808 379 3868">
     <span class='ocr_line' id='line_1_43' title="bbox 96 3808 379 3868; baseline 0.011 -16"><span class='ocrx_word' id='word_1_340' title='bbox 96 3808 108 3832; x_wconf 84' lang='grc'><strong><em>*</em></strong></span> <span class='ocrx_word' id='word_1_341' title='bbox 124 3808 171 3853; x_wconf 85' lang='lat' dir='ltr'>Ed.</span> <span class='ocrx_word' id='word_1_342' title='bbox 189 3809 243 3854; x_wconf 91' lang='lat' dir='ltr'>Pr.:</span> <span class='ocrx_word' id='word_1_343' title='bbox 262 3823 379 3868; x_wconf 81' lang='lat' dir='ltr'>unquam.</span> 
     </span>
    </p>
   </div>
   <div class='ocr_carea' id='block_1_4' title="bbox 0 0 1342 4298">
    <p class='ocr_par' dir='ltr' id='par_1_7' title="bbox 0 0 1342 4298">
     <span class='ocr_line' id='line_1_44' title="bbox 0 0 1342 4298; baseline 0 0"><span class='ocrx_word' id='word_1_344' title='bbox 0 0 1342 4298; x_wconf 95' lang='lat' dir='ltr'> </span> 
     </span>
    </p>
   </div>
  </div>
 </body>
</html>
