2662 4298
121 334 181 391 422
517 353 657 392 aersrora
678 352 793 392 nxxvu.

160 517 280 585 Deinde,
313 519 388 593 quod
420 518 562 577 Miracula
589 525 619 577 et
639 518 841 593 Ignorantiam
865 538 922 593 pro
950 519 1211 596 aequipollentibus

119 597 276 655 etiamnum
306 598 395 674 capia,
427 599 535 657 videris
564 600 724 674 potentiam
756 599 819 667 Dei,
855 606 887 657 et
919 598 1094 658 Hominum
1128 601 1209 660 etiam

119 677 348 736 acutissimorum
370 677 529 750 scientiam,
551 679 651 738 iisdem
672 679 778 737 finibus
799 680 1005 750 concludere;
1036 681 1124 756 quasi
1144 682 1208 740 nihil

119 777 207 831 agere
229 759 274 816 vel
295 759 453 833 producere
475 760 553 817 Deus
568 767 665 835 queat,
681 760 764 835 cujus
775 759 922 817 rationem
936 761 1071 819 reddere
1084 762 1210 821 homines

121 838 320 913 nonpossint,
343 838 366 896 si
388 859 488 897 omnes
508 839 617 915 ingenii
638 840 715 898 vires
735 839 902 898 intendant.
934 841 1058 900 Adhaec
1080 843 1204 902 Historia

118 917 168 974 illa
197 918 232 976 de
260 918 367 977 Christi
388 919 535 990 Passione,
557 921 663 991 Morte,
684 920 847 995 Sepultura,
872 921 1115 980 Resurrectione
1136 923 1205 982 vivis

120 998 191 1055 adeo
223 998 365 1056 coloribus
398 1000 588 1075 genuinisque
609 999 753 1075 descripta
774 999 902 1068 videtur,
926 1005 966 1059 ut
989 1003 1040 1060 vel
1063 1003 1209 1078 appellare

119 1078 323 1136 conscientiam
345 1085 424 1137 tuam
447 1080 547 1149 ausim,
570 1081 708 1139 credasne
730 1079 779 1137 illa
800 1080 976 1154 Allegorice
998 1082 1105 1157 potius
1128 1103 1204 1158 quam

119 1158 270 1215 literaliter
291 1179 353 1217 esse
374 1159 550 1235 accipienda,
572 1161 724 1219 dummodo
746 1161 781 1218 de
803 1160 945 1218 Historiae
969 1162 1108 1221 veritate
1123 1164 1208 1223 fueris

119 1243 294 1312 persuasus?
330 1239 561 1298 Circumstantiao
592 1240 659 1310 illae,
682 1260 748 1316 quae
770 1241 806 1298 ab
828 1240 1039 1314 Euangelistis
1064 1245 1207 1303 eadere

118 1317 190 1376 adeo
212 1318 334 1377 dilucide
349 1325 417 1377 sunt
431 1321 619 1395 consignatae,
635 1340 738 1395 urgere
753 1319 871 1395 penitus
882 1320 1040 1394 videntur,
1056 1323 1205 1383 historiam

60 1452 61 1456 ,
117 1396 195 1455 illam
227 1400 262 1456 ad
291 1399 405 1458 literam
427 1420 489 1459 esse
510 1401 688 1476 capiendam.
710 1401 782 1458 Haec
804 1400 906 1475 paucis
927 1402 971 1459 ad
995 1410 1204 1478 argumentum

117 1477 187 1536 illud
219 1484 321 1537 notare
353 1500 438 1555 porro
470 1482 557 1551 volui,
587 1480 691 1556 quibus
718 1485 751 1538 ut
771 1480 918 1554 ignoscas
944 1487 978 1540 et
999 1503 1059 1558 pro
1083 1486 1208 1544 candore

118 1563 168 1615 tuo
201 1558 291 1616 amice
322 1562 506 1635 respondeas,
539 1561 625 1619 enixe
655 1581 736 1636 rogo.
766 1561 848 1618 Dom.
872 1562 1003 1636 Boylius
1025 1569 1059 1622 te
1082 1565 1208 1624 officiose

118 1639 267 1697 resalutat.
301 1640 375 1709 Quid
407 1641 499 1715 Regia
521 1641 650 1699 Societas
671 1660 748 1699 nunc
769 1645 856 1714 agat,·
872 1641 930 1698 alia
955 1643 1025 1702 vice
1049 1665 1206 1721 exponam.

119 1718 191 1776 Vale
213 1723 242 1775 et
262 1739 308 1776 me
329 1740 426 1778 amare
447 1740 546 1796 perge.

149 1850 267 1907 Londini,
286 1853 321 1897 ll.
338 1851 354 1897 J
359 1866 444 1898 anuar.
464 1853 531 1900 1676.
602 1863 613 1879 ·

361 2163 576 2220 EPISTOLA
597 2163 751 2220 LXXVIII
772 2167 849 2232 (curu
867 2166 943 2237 xxv).

381 2298 450 2354 Vtro
473 2297 655 2354 Nobilissimo
677 2304 700 2354 et
720 2298 891 2354 Doctissirno

330 2430 561 2488 HENRICO
595 2431 981 2490 OLDIINBURGIO

582 2566 717 2624 B.1>.S.

426 2701 581 2774 Responsio
603 2703 641 2758 od
657 2703 872 2774 prmcedcntem.

148 2831 297 2889 Exemplum
315 2832 423 2877 alterum
440 2846 490 2877 una
507 2847 563 2878 eum
582 2835 626 2893 Ep.
638 2834 744 2878 LXXIII
756 2838 782 2879 et
794 2833 879 2879 Lxxv
893 2849 907 2878 a
922 2835 1077 2884 Gerhardto
1094 2843 1202 2887 editum.

237 2950 417 3007 Nobilissime
438 2951 569 3019 Domum,

159 3083 240 3151 Quod
262 3083 292 3140 in
313 3083 542 3158 praecedentibus
563 3083 634 3140 meis
656 3083 724 3152 dixi,
746 3104 799 3140 nos
813 3083 876 3140 ideo
891 3103 954 3140 esse
964 3082 1197 3159 inexcusabiles,

120 3162 188 3236 quia
218 3163 248 3220 in
280 3164 333 3221 Dei
365 3169 524 3238 postestate
554 3184 660 3233 sumus,
690 3170 722 3220 ut
749 3165 840 3221 lutum
861 3163 892 3219 in
913 3183 1002 3221 manu
1024 3167 1124 3243 figuli,
1148 3171 1202 3228 hoc

118 3263 204 3300 sensu
237 3243 360 3317 intelligi
393 3243 480 3311 volui,
512 3243 646 3301 videlicet
677 3245 751 3318 quod
784 3264 868 3301 nemo
900 3245 993 3300 Deum
1016 3248 1205 3324 redarguere

116 3328 221 3397 potest,
254 3324 330 3398 quod
361 3322 417 3397 ipsi
449 3328 582 3381 naturam
611 3324 753 3381 infirmam
783 3344 834 3381 seu
855 3323 980 3380 animum
1003 3324 1199 3401 impotentem

117 3403 236 3460 dederit.
261 3403 341 3460 Sicut
363 3403 437 3460 enim
461 3405 584 3461 absurde
606 3405 729 3462 circulus
744 3408 970 3480 conquereretur
982 3405 1007 3474 ’ἢ
1025 3410 1106 3480 quod
1122 3411 1204 3468 Deus

115 3483 170 3558 ipsi
200 3483 277 3557 globi
306 3483 508 3558 proprietates,
537 3485 584 3540 vel
606 3484 711 3552 insane,
734 3485 784 3559 qui
805 3484 913 3543 calculo
936 3484 1098 3559 cruciatur,
1123 3492 1201 3565 quod

117 3563 142 3620 ei
172 3583 275 3637 corpus
301 3584 402 3620 sanum
424 3585 480 3621 non
504 3564 629 3632 dederit3
652 3565 692 3622 sic
714 3565 800 3622 etiam
822 3567 905 3622 homo
928 3564 1024 3622 animo
1048 3566 1204 3644 impotens

116 3643 197 3718 queri
230 3663 288 3700 non
319 3648 415 3717 potest
440 3648 480 3718 **,
513 3645 587 3718 qumi
620 3646 698 3702 Deus
726 3645 780 3720 ipsi
809 3644 1008 3703 fortitudinem
1031 3666 1201 3727 veramque

149 3823 160 3846 *
178 3822 267 3867 Gerr:
285 3828 436 3879 quereretur.
563 3824 588 3848 ⁹⁸*
606 3823 681 3868 Gerh.
700 3852 727 3857 -
745 3823 791 3869 Ed.
808 3825 861 3870 Pr.:
879 3823 959 3882 qiuari
970 3830 1064 3881 posset.
