2662 4298
359 369 679 410 mmmmm-somma
700 368 764 408 can.
786 369 847 408 xv1.
1080 352 1137 411 129

68 557 140 613 ergo
172 538 232 596 solo
264 556 316 596 suo
346 536 476 607 arbitrio,
509 541 539 594 et
569 535 659 594 inscio
685 554 818 611 supremo
839 535 967 608 consilio,
989 536 1137 612 negotium

68 618 185 694 aliquod
216 617 361 693 publicum
394 636 552 692 aggressus
582 621 628 674 est
658 615 770 690 exequi,
803 616 936 692 quamvis
956 617 1023 676 inde
1043 617 1137 676 inore·

67 703 198 757 mentum
236 697 372 768 civitatis,
404 696 447 755 uti
480 694 614 767 diximus,
645 700 724 754 certo
755 701 932 771 sequeretur,
961 697 1009 773 jus
1038 702 1137 756 tamen

66 798 187 837 summae
208 777 362 853 potestatis
383 776 513 848 violavit,
530 780 559 834 et
574 776 754 852 majestatem
766 776 850 848 laesit,
862 781 949 852 atqua
958 779 1024 853 jure
1035 778 1137 837 merito

67 859 231 917 damnatur.

14 996 17 1001 .
108 939 246 1014 Superest
271 938 341 1014 jam,
362 941 395 995 ut
416 956 528 996 omnem
551 937 717 1012 scrupulum
738 956 932 1009 amoveamus,
953 940 1136 1015 respondere,

67 1039 105 1077 an
126 1019 165 1090 id,
188 1019 263 1094 quod
284 1037 373 1093 supra
393 1016 609 1088 affirmavimus,
633 1017 709 1093 quod
730 1017 840 1076 scilicet
860 1018 1066 1095 unusquisque,
1089 1018 1138 1094 qui

66 1098 200 1157 Rationis
220 1118 303 1158 usum
324 1117 382 1156 non
402 1099 500 1169 habet,
522 1096 553 1155 in
574 1101 654 1156 statu
674 1097 800 1155 naturali
820 1117 856 1156 ex
865 1098 980 1173 legibus
991 1098 1137 1175 appetitus

65 1198 177 1237 summo
206 1179 271 1255 jure
302 1178 422 1237 Naturae
454 1176 538 1248 vivit,
569 1197 628 1235 non
659 1182 759 1252 aperte
790 1177 855 1237 Juri
878 1178 986 1236 Divino
1007 1179 1136 1238 revelato

65 1264 231 1335 repugnet?
252 1259 326 1317 Nam
347 1278 411 1317 cum
432 1277 532 1317 omnes
553 1259 685 1316 absolute
705 1257 780 1331 (sive
800 1257 932 1316 Rationis
953 1279 1035 1317 usum
1051 1259 1137 1317 habe·

66 1345 119 1398 ant
141 1339 204 1398 sive
224 1339 330 1413 minus)
352 1357 434 1414 aeque
455 1342 634 1410 tenerentur,
657 1358 694 1396 ex
707 1338 844 1396 mandato
855 1337 963 1409 divino,
974 1338 1135 1414 proximum

62 1425 207 1494 tanquam
227 1440 258 1479 se
278 1419 372 1496 ipsum
393 1437 500 1490 amare,
523 1438 582 1477 non
603 1437 673 1492 ergo
694 1417 756 1476 sine
777 1417 883 1494 injuria
904 1419 989 1480 alteri
1000 1420 1135 1478 damnum

63 1500 174 1558 inferre
194 1519 354 1576 possumus,
376 1503 406 1557 et
427 1498 496 1557 solis
515 1498 627 1574 legibus
650 1499 796 1575 appetitus
816 1498 924 1558 vivere.
944 1494 1056 1558 Verum
1069 1498 1136 1558 huic

63 1580 229 1657 objectioni,
262 1579 286 1638 si
317 1583 432 1638 tantum
465 1579 501 1636 ad
533 1582 641 1637 statum
662 1579 825 1638 naturalem
845 1578 1030 1650 attendimus
1052 1579 1136 1638 facile

63 1661 241 1736 respondere
270 1678 439 1736 possumus3
471 1679 538 1717 nam
569 1659 594 1717 is
615 1664 645 1717 et
665 1663 771 1718 natura
791 1663 821 1718 at
841 1664 971 1735 tempore
992 1659 1071 1736 prior
1091 1664 1137 1719 est

63 1740 227 1815 Religione.
259 1740 349 1798 Nemo
381 1738 456 1798 enim
471 1741 488 1771 *⁶
519 1759 556 1797 ex
587 1738 700 1798 Natura
731 1739 794 1812 scit,
820 1759 851 1799 se
872 1741 931 1798 ulla
952 1759 1023 1814 erga
1043 1741 1134 1799 Deum

62 1820 159 1879 teneri
181 1819 353 1892 obedientia,
374 1819 431 1877 imo
452 1838 506 1877 nec
526 1820 585 1878 ulla
606 1819 719 1878 ratione
738 1821 794 1878 hoc
814 1820 937 1895 assequi,
959 1821 1135 1879 sedtantum

63 1921 102 1960 ex
126 1901 317 1960 Revelatione
337 1899 429 1974 signis
450 1900 620 1959 confirmata
640 1899 838 1976 unusquisque
858 1900 888 1958 id
909 1901 1016 1959 habere
1030 1904 1135 1977 potest.

65 1981 165 2051 Quare
187 1985 256 2040 ante
276 1979 482 2040 revelationem
503 1999 586 2038 nemo
605 1980 670 2056 jure
691 1980 798 2052 divino,
814 1981 890 2056 quod
903 2001 961 2038 non
971 1985 1069 2056 potest
1079 2000 1137 2038 non

64 2061 214 2136 ignorare,
243 2065 369 2120 tenetur.
391 2061 429 2118 ut
449 2060 512 2118 ideo
534 2060 619 2118 statis
640 2061 781 2119 naturalis
803 2080 868 2119 oum
889 2065 968 2119 statu
989 2061 1138 2136 religionis

42 2137 43 2140 '
64 2141 186 2200 minime
218 2141 447 2211 confundendus,
480 2140 530 2198 sed
551 2143 661 2216 absque
682 2140 821 2216 religione
842 2145 872 2199 et
891 2141 967 2215 lege,
990 2145 1019 2198 et
1040 2160 1137 2198 conse-

63 2226 191 2297 quenter
213 2224 323 2298 absque
344 2225 475 2296 peccato
486 2225 516 2279 et
529 2220 644 2296 injuria,
660 2220 878 2296 concipiendus;
894 2225 927 2279 ut
936 2221 996 2296 jam
1007 2220 1135 2287 fecimus,

61 2307 94 2361 et
102 2302 187 2360 Pauli
197 2301 376 2361 authoritate
389 2300 631 2360 confirmavimus.
640 2300 667 2358 N
668 2320 701 2359 ec
711 2304 826 2359 tantum
837 2300 950 2359 ratione
961 2300 1136 2375 ignorantiae

62 2386 176 2440 statum
197 2382 359 2441 naturalem
382 2385 451 2440 ante
470 2382 518 2457 jus
539 2381 667 2440 divinum
690 2382 850 2440 revelatum
871 2385 901 2439 et
915 2383 1023 2456 absque
1036 2380 1135 2439 eodem

61 2461 252 2537 concipimus,
274 2461 433 2521 sedetiam
456 2461 569 2520 ratione
590 2461 742 2532 libertatis,
765 2481 823 2538 qua
844 2481 943 2520 omnes
965 2465 1134 2520 nascuntur.

61 2542 94 2601 Si
127 2542 202 2600 enim
231 2542 361 2601 homines
382 2561 419 2600 ex
440 2541 553 2600 Natura
571 2541 635 2617 jure
657 2541 756 2600 divino
777 2546 955 2613 tenerentur,
977 2542 1024 2600 vel
1045 2542 1069 2600 si
1087 2542 1136 2617 jus

61 2621 196 2680 divinum
227 2642 265 2680 ex
294 2621 407 2681 Natura
435 2623 483 2697 jus
515 2627 600 2693 esset,
625 2623 801 2698 superfluum
823 2627 894 2695 erat,
917 2626 950 2681 ut
970 2623 1049 2681 Deus
1070 2642 1134 2681 cum

60 2702 229 2761 hominibus
260 2706 440 2761 contractum
471 2702 566 2773 iniret,
599 2706 629 2761 et
659 2707 745 2778 pacto
778 2708 807 2761 et
832 2704 997 2779 juramento
1019 2703 1134 2761 eosdem

61 2782 218 2857 obligaret.
240 2783 336 2853 Quare
357 2784 487 2841 absolute
508 2783 730 2854 concedendum,
749 2784 799 2858 jus
820 2783 949 2842 divinum
971 2785 1007 2842 ab
1019 2803 1053 2841 eo
1065 2788 1134 2841 tem·

60 2882 134 2939 pore
155 2862 305 2938 incepisse,
328 2882 346 2920 a
366 2882 423 2939 quo
444 2862 575 2920 homines
597 2882 733 2938 expresso
753 2868 839 2938 pacto
861 2864 922 2922 Deo
939 2863 1135 2939 promiserunt

59 2944 93 3001 in
114 2942 248 3002 omnibus
269 2942 394 3014 obedire,
417 2962 473 3017 quo
494 2962 548 3000 sua
568 2942 703 3001 libertate
724 2943 850 3001 naturali
871 2943 953 3018 quasi
975 2949 1134 3014 cesserunt,

58 3024 167 3099 jusque
199 3023 335 3082 suumin
356 3024 450 3081 Deum
470 3023 692 3093 transtulerunt,
715 3022 800 3081 sicuti
820 3022 850 3080 in
871 3028 951 3081 statu
973 3022 1051 3081 civili
1072 3023 1136 3081 fieri

61 3103 199 3162 diximus
222 3103 277 3162 Sed
299 3104 334 3162 de
354 3102 401 3161 his
420 3102 452 3160 in
473 3102 661 3178 sequentibus
680 3101 821 3177 prolixius
842 3122 937 3177 agam.
959 3103 1068 3161 Verum
1088 3103 1133 3160 in·

61 3183 136 3242 stari
159 3183 253 3241 adhuc
273 3187 379 3259 potest,
402 3183 477 3258 quod
499 3202 616 3241 summae
636 3186 797 3259 potestates
816 3202 896 3257 aeque
917 3202 952 3241 ac
962 3182 1070 3241 subditi
1080 3183 1144 3240 hoc·

57 3264 126 3339 jure
147 3263 246 3322 divino
268 3267 421 3335 tenentum
444 3283 516 3338 quas
536 3266 633 3321 tamen
655 3263 781 3321 diximus
798 3262 846 3338 jus
857 3262 990 3320 naturale
1000 3262 1135 3333 retinere,

60 3348 91 3402 et
124 3343 160 3401 iis
189 3343 285 3402 omnia
304 3343 369 3419 jure
390 3343 487 3401 licere.
510 3343 605 3413 Quare
627 3345 663 3401 ad
685 3344 760 3400 hanc
780 3342 924 3417 integram
946 3343 1135 3400 amovendam

61 3423 275 3495 difficultatem,
300 3443 364 3499 quaa
385 3443 444 3481 non
465 3428 525 3481 tam
547 3442 584 3480 ex
604 3422 717 3481 ratione
738 3427 833 3481 status
853 3441 939 3497 quam
958 3421 1033 3497 juris
1053 3427 1135 3480 natu·

63 3503 145 3561 ralis
167 3504 269 3575 oritur,
301 3504 373 3573 dico,
405 3504 480 3578 quod
512 3503 709 3578 unusquisque
739 3502 769 3560 in
790 3506 870 3560 statu
889 3501 1016 3560 naturali
1037 3503 1136 3560 eadem

61 3583 180 3642 ratione
214 3588 331 3642 tenetur
360 3585 424 3659 jure
455 3583 604 3653 Revelato,
633 3602 667 3640 ao
687 3587 804 3641 tenetur
824 3602 861 3640 ex
882 3581 1036 3640 dictamine
1057 3602 1136 3640 sanae

64 3663 200 3722 Rationis
230 3663 345 3734 vivere3
367 3683 470 3738 nempe
492 3663 558 3738 quia
579 3662 633 3738 ipsi
655 3662 753 3721 utilius
774 3668 818 3720 est
839 3665 868 3720 et
889 3663 925 3719 ad
947 3663 1068 3720 salutem
1090 3682 1136 3720 ne-

60 3783 275 3790 ...Q-...m

92 3840 104 3865 ¹⁶
122 3842 161 3889 cf.
178 3843 272 3888 Annot.
289 3843 396 3888 XXXIV.

101 3923 141 3981 ΙΙ.
995 3925 1012 3979 9
