2662 4298
135 317 196 374 348
546 333 685 372 urrerem
705 334 789 374 xum.

134 501 304 576 religionem
346 500 436 573 exuit,
478 500 527 575 qui
558 502 650 558 Deum
681 521 825 558 summum
858 504 984 562 bonum
1021 509 1222 580 agnoscendm

135 582 248 650 statuit,
280 581 459 654 eundemque
489 581 580 638 libero
611 581 717 650 auimo,
748 586 782 638 ut
812 581 923 654 talem,
963 588 1223 647 amandum*?et

135 663 212 737 quod
243 662 273 720 in
305 662 360 719 hoo
390 661 451 719 solo
482 667 582 719 nostra
612 681 725 719 summa
755 660 885 720 felicitas
908 683 1104 742 summaque
1124 668 1222 726 libertae

134 741 292 800 consistit?
313 761 399 816 porro
421 742 496 816 quod
517 741 665 816 praemium
687 741 805 799 virtutis
824 741 867 800 sit
887 742 965 818 ipsa
978 746 1095 818 virtus,
1108 749 1222 807 stultitia

135 827 233 879 autem
265 826 295 878 et
325 821 502 896 impotentiae
534 821 704 896 supplicium
725 821 764 879 sit
782 821 848 896 ipsa
869 825 1038 885 stultitia?
1062 833 1096 886 et
1119 829 1222 904 denique

136 902 213 977 quod
244 901 440 976 uuusquisque
468 901 630 976 proximum
659 921 743 959 suum
770 921 871 959 amare
899 903 1010 977 debet,
1035 913 1071 966 et
1092 909 1222 967 mandatis

134 1001 255 1039 summae
287 981 442 1056 potestatis
472 981 614 1039 obedire?
645 982 742 1055 Atque
770 981 833 1039 haec
854 1001 917 1039 non
943 988 1077 1045 tautum
1100 1009 1222 1065 expresse

134 1061 203 1130 dixi,
236 1062 286 1119 sed
317 1060 488 1119 firmissimis
517 1060 636 1136 insuper
667 1060 828 1119 rationibus
847 1062 1083 1126 demonstravi.
1131 1071 1221 1128 Veron

135 1142 235 1199 videre
255 1145 335 1217 puto,
358 1160 415 1216 quo
436 1141 466 1198 in
486 1142 547 1199 luto
568 1142 615 1198 hio
635 1142 720 1199 homo
741 1141 859 1199 haereat.
882 1142 972 1202 Nihil
993 1147 1120 1207 scilicet
1133 1149 1222 1226 inipso

136 1222 246 1280 virtute
273 1226 304 1280 et
323 1221 473 1279 intellectu
493 1221 609 1296 reperit,
632 1222 707 1296 quod
727 1220 821 1296 ipsum
842 1221 988 1296 delectet,
1013 1232 1048 1286 et
1070 1231 1176 1289 mallet
1193 1250 1221 1289 er

135 1301 260 1378 impulsu
280 1322 397 1360 suorum
419 1302 572 1359 affectuum
593 1301 701 1370 vivere,
723 1300 778 1358 nisi
798 1301 854 1359 hoc
874 1321 973 1362 uuum
986 1309 1143 1381 obstaret,
1156 1312 1220 1386 quod

131 1403 249 1458 poenam
279 1382 371 1441 timet.
402 1381 534 1440 Amalis
553 1381 644 1456 igitur
664 1381 834 1447 actionibus.
855 1387 891 1439 ut
912 1402 1039 1460 servus,
1063 1389 1180 1450 invitus
1197 1396 1221 1450 et

131 1464 292 1522 fluctuante
313 1462 409 1521 animo
431 1462 566 1529 abstinet,
589 1465 620 1519 et
640 1461 738 1519 divina
758 1461 897 1519 mandata
919 1467 1104 1542 exequitur,
1128 1477 1159 1531 et
1177 1491 1221 1547 pro

130 1543 187 1600 hoo
208 1542 327 1601 servitio
349 1542 524 1612 muneribus,
547 1541 610 1616 ipso
631 1541 729 1600 divino
750 1560 848 1599 amore
867 1542 960 1616 longe
984 1550 1221 1624 suavioribus,a

131 1623 194 1680 Deo
215 1622 352 1680 honorari
366 1626 399 1658 **
421 1626 573 1697 exspectat
582 1621 699 1692 scilicet,
712 1626 741 1679 et
752 1640 786 1679 eo
798 1621 901 1696 magis,
914 1643 976 1697 quo
989 1630 1099 1703 magis
1112 1633 1219 1702 bonum,

129 1703 207 1777 quod
219 1702 290 1776 agit,
306 1703 487 1773 adversatur,
500 1706 529 1760 et
539 1701 649 1760 invitus
659 1702 746 1772 facit3
757 1707 846 1776 atque
857 1701 927 1760 hinc
938 1705 984 1776 fit,
1000 1712 1039 1766 ut
1051 1729 1169 1784 omnes,
1180 1712 1221 1788 qui

131 1783 187 1840 hoo
219 1787 297 1840 metu
319 1802 377 1840 non
399 1782 571 1851 retinentur,
594 1783 750 1840 effrenatos
769 1782 878 1851 vivere,
900 1802 1091 1863 omnemque
1115 1793 1221 1868 religio

133 1882 199 1921 nem
231 1882 347 1933 exuere,
380 1864 488 1921 credat.
521 1863 577 1920 Sed
602 1863 667 1921 haeo
686 1863 779 1932 mitto,
801 1866 831 1919 et
851 1862 888 1919 ad
910 1863 976 1938 ejus
1001 1868 1220 1944 deductionem,

129 1963 191 2019 qua
212 1944 366 2001 ostendere
387 1944 459 2013 vult,
480 1963 526 2001 me
546 1942 633 2001 tectis
653 1946 683 2001 et
703 1941 808 2000 fucatis
829 1945 1019 2016 argumentis
1030 1950 1221 2012 Atheisrnum

130 2024 245 2094 dooere,
267 2029 396 2083 transeo,

173 2105 405 2162 Fundamentum
436 2102 527 2179 ipsine
554 2102 698 2161 ratiocinii
717 2107 763 2160 est
782 2104 845 2173 hoc,
868 2104 946 2179 quod
968 2111 1077 2181 putat,
1100 2131 1152 2171 me
1172 2113 1221 2172 Dei

130 2183 295 2243 libertatem
328 2186 438 2253 tollere,
471 2203 593 2259 eumque
623 2183 684 2240 fato
716 2183 865 2257 subjicere.
899 2183 984 2252 Quod
1012 2208 1094 2249 sane
1118 2194 1219 2252 falsum

127 2270 183 2322 eet.
213 2266 287 2323 Nam
309 2285 363 2340 ego
385 2265 484 2322 eodem
505 2264 588 2321 modo
610 2263 708 2333 statui,
731 2263 826 2321 omnia
846 2263 1013 2323 inevitabili
1038 2275 1221 2333 necessitate

129 2365 164 2402 cx
197 2346 250 2405 Dei
284 2352 390 2403 natura
421 2344 504 2420 sequi
519 2345 577 2415 ***,
611 2364 645 2401 aa
676 2364 775 2401 omnes
795 2348 936 2414 statuunt,
961 2365 1000 2402 ex
1029 2349 1092 2409 Dei
1115 2361 1223 2414 natura

127 2425 220 2500 sequi,
254 2427 328 2501 quod
362 2429 379 2496 †
411 2445 441 2482 ee
471 2425 564 2500 ipsum
596 2423 729 2497 itelligit:
763 2425 839 2499 quod
859 2443 929 2481 sane
950 2444 1044 2486 nemo
1069 2441 1169 2508 negat
1189 2456 1223 2494 ex

127 2505 227 2563 divina
257 2511 362 2564 natura
394 2505 556 2563 necessario
583 2504 674 2578 sequi,
697 2508 844 2561 ettamen
864 2523 948 2561 nemo
971 2510 1122 2586 concipit,
1148 2518 1222 2591 quod

129 2586 209 2643 Deus
239 2586 300 2642 fato
332 2585 428 2659 aliquo
461 2590 586 2654 coactae,
620 2585 669 2642 sed
702 2585 778 2659 quod
809 2584 924 2642 omnino
955 2584 1066 2660 libere,
1104 2597 1223 2655 tametsi

128 2665 301 2734 necessario,
324 2665 449 2739 seipsum
469 2665 624 2739 intelligat.
647 2669 683 2736 ††
704 2666 803 2739 Atque
824 2663 869 2721 hio
890 2663 960 2721 nihil
984 2673 1122 2745 reperio,
1146 2679 1223 2752 quod

127 2748 167 2803 ab
199 2764 373 2819 unoquoque
405 2765 463 2802 non
493 2746 585 2820 possit
615 2744 740 2820 percipi,
772 2748 802 2802 et
832 2745 856 2802 si
877 2745 938 2802 haee
959 2745 1168 2814 nihilominus
1188 2778 1224 2816 ex

130 2825 206 2883 melo
229 2825 324 2883 animo
346 2824 423 2883 dieta
444 2845 506 2883 esse
527 2825 627 2894 eredit,
650 2825 718 2899 quid
740 2844 809 2899 ergo
830 2826 865 2882 de
886 2844 938 2882 suo
959 2824 1104 2891 Cartesio
1121 2838 1223 2912 sentit,

126 2906 179 2982 qui
212 2906 325 2976 statuit,
358 2906 430 2963 nihil
460 2926 478 2964 a
509 2905 592 2964 nobis
617 2905 687 2975 fieri,
710 2906 786 2980 qnod
808 2925 824 2962 a
846 2906 906 2962 Deo
927 2909 1018 2964 antea
1040 2930 1109 2971 non
1133 2919 1225 2976 fuerit

129 2987 367 3062 praeordinatum,
390 2986 446 3044 imo
468 3007 521 3044 nos
542 2985 663 3061 singulis
683 2985 835 3043 momentis
856 3005 874 3042 a
894 2986 955 3042 Deo
978 2991 1069 3059 quasi
1087 2995 1128 3054 de
1145 3018 1223 3057 novo

128 3068 232 3139 creari,
265 3073 295 3126 et
326 3066 510 3125 nihilominus
541 3087 594 3124 nos
626 3086 662 3124 ex
693 3065 784 3123 nostri
810 3064 921 3123 arbitrii
941 3064 1087 3129 libertate
1112 3096 1222 3152 agere;

159 3248 170 3272 *¹
188 3262 281 3291 (torrere.

160 3311 181 3329 ⁶*
198 3311 307 3355 mareri.

159 3371 197 3394 ae*
215 3373 271 3416 add.
290 3373 343 3416 lucc
361 3370 481 3428 deinceps
499 3370 622 3414 delenda:
643 3371 713 3413 sicuti
724 3383 752 3412 ee
761 3373 855 3413 natan-o
865 3368 995 3424 etanpuli,
1010 3373 1081 3426 quod
1093 3379 1155 3432 ejug
1168 3387 1221 3427 pre,

126 3433 233 3489 onprcloe
251 3435 306 3490 (sic)
323 3435 375 3478 eint
392 3433 495 3490 (aquales
513 3432 605 3477 duobus
622 3433 705 3487 rectis,
722 3436 752 3475 et.

157 3499 170 3544 †
187 3496 251 3552 qetod
268 3497 341 3540 Deua.

159 3559 185 3609 ††
203 3558 294 3602 Deleta
311 3561 371 3603 eunt
387 3558 439 3602 hecc
457 3557 547 3602 verba:
566 3557 613 3601 Sed
629 3558 679 3600 huc
690 3561 788 3613 captum
802 3557 875 3600 letius
886 3557 936 3599 otri
947 3569 1071 3611 superare
1081 3564 1218 3625 videnlur,

124 3625 274 3664 et....oum
299 3634 343 3664 auo
370 3621 481 3665 ear-testo
506 3621 641 3677 concepisse
666 3619 744 3674 credo,
770 3619 834 3676 quod
856 3618 958 3663 libertas
973 3632 1023 3661 non
1041 3626 1171 3673 consistit
1191 3633 1218 3676 i„

124 3682 303 3738 indifferentia,
321 3681 364 3726 aed
380 3696 425 3727 noe
442 3687 493 3726 tum
510 3684 616 3726 accerime
634 3682 723 3726 liberos
739 3694 798 3735 esee,
815 3695 868 3724 cum
885 3680 956 3725 rebus
967 3680 1034 3724 clare
1045 3689 1070 3726 et
1083 3686 1217 3737 distincte

123 3745 247 3802 perceptio
272 3745 428 3800 assentimus,
445 3747 541 3790 temetsi
557 3745 705 3802 inrpoeeltt'le
722 3749 765 3800 eet,
782 3744 869 3787 iisdem
885 3757 934 3788 non
952 3745 1086 3802 assentire,
1105 3756 1216 3807 quando

127 3822 169 3853 eae
187 3809 222 3852 ite
237 3808 393 3864 percepimus.
