2662 4298
558 113 698 151 arrsrora
719 113 769 152 xx.
1141 96 1198 156 271

99 313 105 350 :
128 277 185 336 Dei
206 277 293 336 etiam
314 277 404 340 infert
425 277 573 353 perfectio,
595 283 628 336 ut
649 283 783 338 creatura
797 281 833 338 ab
847 278 909 354 ipso
920 280 1079 356 procedens
1090 281 1199 340 nullam

92 394 102 431 3
128 356 389 417 contradictionem
414 357 586 430 involveret,
614 363 700 435 prout
726 363 788 418 tum
809 358 957 419 videretur
978 359 1069 436 sequi.
1090 360 1200 421 Nullibi

79 440 101 513 ,ζ-
128 457 255 513 uamque
285 437 315 496 in
347 444 446 497 ereata
475 438 596 504 Natura,
628 443 823 515 praeterquam
853 438 884 498 in
914 445 1013 499 nostro
1041 440 1198 508 intellectu,

79 560 99 596 ς
129 517 372 595 deprehendimus
400 518 559 578 scientiam.
582 519 617 576 In
639 539 723 595 quem
745 519 832 578 alium
852 520 939 578 finem
959 520 1008 579 ille
1030 519 1113 579 nobis
1134 540 1198 580 con·

79 640 95 678 ἶ
128 618 228 657 cessus
257 602 341 672 esset,
367 598 423 657 nisi
444 603 477 657 ut
497 599 552 658 Dei
571 619 660 675 opera
680 600 942 675 contemplaremur
962 606 993 659 et
1014 620 1199 676 cognoscere·

81 740 87 745 ,
128 683 215 737 mus?
235 679 274 736 Et
294 678 430 753 quidnam
450 678 613 738 evidentius
633 680 716 756 sequi
736 679 859 750 videtur,
882 700 968 756 quam
989 682 1065 756 quod
1085 681 1198 740 harmo-

79 754 84 827 ζ
129 758 179 817 nia
199 757 276 816 inter
296 778 344 817 res
364 761 580 834 cognoscendas
600 764 788 835 nostrumque
808 760 985 819 intellectum
1006 760 1068 820 dari
1091 762 1199 820 debet?

79 832 83 909 J
172 838 200 896 Si
233 843 312 897 tuam
344 839 504 915 Epistolam
532 838 608 899 circa
635 860 679 912 ea,
701 860 766 916 quae
787 841 871 899 modo
892 840 1025 910 diximus,
1047 841 1084 900 ad
1105 860 1198 900 meam

127 919 285 977 secundam
307 920 447 994 Regulam
469 920 632 996 generalem
646 920 849 992 examinarem,
861 920 955 995 magis
966 940 1052 996 quam
1062 921 1094 979 in
1105 921 1199 997 prima

130 998 367 1074 discreparemus.
402 999 475 1058 Mihi
509 1020 633 1076 namque
667 1000 782 1060 videtur
813 1001 974 1074 (aberranti
1004 1006 1198 1061 commonstra

127 1078 228 1152 viam),
257 1083 287 1137 te
314 1079 411 1138 Sacrae
440 1080 596 1156 Scripturas
618 1101 681 1140 eam
701 1081 879 1140 infallibilem
900 1080 1053 1140 veritatem
1074 1086 1104 1140 et
1125 1081 1198 1140 divi·
1293 1154 1296 1159 ⁴

128 1159 250 1218 nitatem
280 1179 338 1218 non
365 1160 538 1231 adscribere,
564 1181 651 1237 quam
672 1181 727 1236 ego
747 1161 778 1219 in
798 1161 833 1220 ea
854 1181 916 1220 esse
937 1161 1008 1219 mihi
1028 1161 1196 1237 persuadeo.

128 1240 237 1297 Verum
270 1240 384 1314 quidem
415 1245 469 1312 est,
501 1243 575 1317 quod
607 1245 637 1300 te
668 1243 785 1300 credere
815 1240 867 1312 ais,
899 1241 991 1300 Deum
1022 1261 1070 1300 res
1101 1241 1197 1301 Sacrae

127 1319 289 1394 Scripturae
317 1320 471 1397 Prophetis
498 1322 654 1392 revelasse,
683 1322 733 1380 sed
754 1321 838 1380 modo
863 1321 935 1380 adeo
955 1321 1133 1397 imperfecto,
1155 1327 1196 1393 ut,
1279 1341 1280 1344 ¹

128 1399 155 1458 si
182 1400 291 1458 factum
319 1405 371 1469 est,
397 1407 484 1477 prout
504 1407 537 1461 tu
557 1401 671 1476 statuis,
692 1401 723 1461 in
744 1403 804 1460 Deo
826 1401 1082 1461 contradictionem
1103 1401 1195 1461 invol-

127 1483 220 1539 veret.
249 1480 279 1538 Si
303 1481 380 1539 enim
407 1482 486 1540 Deus
511 1502 594 1541 sunm
619 1483 748 1542 Verbum
777 1502 811 1541 ac
832 1482 1196 1550 voluntatemhominibus

127 1559 335 1630 manifestavit,
364 1566 475 1621 certum
501 1561 531 1621 in
559 1563 654 1634 finem,
675 1563 762 1639 idque
783 1563 859 1621 clare
879 1561 916 1621 iis
936 1561 1143 1622 manifestavit.
1166 1563 1195 1622 si

124 1640 187 1716 jam
208 1641 362 1716 Prophetae
384 1662 422 1700 ex
441 1643 490 1701 illo
512 1645 609 1714 verbo,
632 1643 708 1719 quod
719 1647 901 1719 acceperant,
913 1643 1086 1702 Parabolam
1097 1642 1196 1702 finxis-

126 1725 203 1793 sent,
234 1719 263 1778 id
288 1721 368 1781 Deus
388 1723 435 1781 vel
455 1723 594 1782 voluisset
615 1723 662 1781 vel
681 1722 829 1781 noluisset.
854 1722 884 1781 Si
904 1722 1053 1796 voluisset,
1076 1727 1109 1781 ut
1130 1723 1197 1782 exin

127 1801 301 1859 Parabolam
334 1803 488 1878 fingerent,
520 1805 575 1862 hoc
606 1807 659 1874 est,
691 1807 725 1862 ut
755 1805 792 1861 ab
817 1803 880 1878 ejus
900 1808 997 1861 mente
1018 1806 1197 1874 aberrarent,

127 1882 208 1939 Deus
230 1880 314 1940 istius
335 1882 442 1942 erroris
462 1888 539 1942 esset
559 1902 656 1953 causa,
678 1883 852 1959 aliquidque,
875 1884 950 1958 quod
972 1882 1199 1942 contrariaretur

126 1960 192 2030 sibi,
224 1962 320 2020 vellet.
353 1963 383 2021 Si
411 1963 561 2033 noluisset,
592 1962 767 2038 impossibile
799 1968 871 2035 erat,
904 1967 938 2021 ut
958 1963 1111 2038 Prophetae
1131 1963 1199 2022 inde

127 2042 301 2100 Parabolam
332 2043 513 2119 effingerent.
545 2045 692 2102 Praeterea
722 2042 858 2102 credibile
889 2047 942 2115 est,
971 2042 995 2100 si
1016 2044 1197 2118 supponitur,

126 2122 221 2180 Deum
252 2122 381 2182 Verbum
408 2143 492 2182 suum
513 2122 667 2199 Prophetis
688 2123 809 2194 dedisse,
831 2123 907 2199 quod
929 2123 971 2181 ita
993 2122 1035 2182 eis
1055 2123 1143 2193 dedit,
1166 2129 1199 2182 ut

126 2201 199 2260 illud
220 2202 385 2278 accipiendo
405 2224 463 2262 non
484 2203 664 2264 erraverint:
686 2223 753 2262 nam
773 2204 853 2263 Deus
873 2203 904 2262 in
924 2204 1021 2262 Verbo
1043 2223 1095 2262 suo
1116 2223 1196 2262 reve-

127 2282 215 2340 lando
237 2287 347 2343 certum
368 2285 454 2343 finem
468 2286 582 2343 ,habere
603 2284 741 2356 debebat;
763 2285 800 2343 ad
821 2283 876 2343 sibi
896 2285 992 2356 finem,
1014 2288 1047 2343 ut
1067 2283 1198 2343 homines

127 2361 159 2420 in
190 2381 317 2422 errorem
350 2365 476 2437 duceret,
508 2384 669 2440 proponere
701 2364 817 2441 nequit3
838 2364 868 2423 id
889 2363 967 2423 enim
987 2364 1019 2422 in
1039 2366 1101 2424 Deo
1122 2370 1198 2423 esset

126 2442 328 2503 contradictio.
359 2445 455 2503 Etiam
486 2445 571 2504 homo
603 2450 705 2504 eontra
735 2444 789 2504 Dei
819 2444 1000 2504 voluntatem
1021 2465 1119 2504 errare
1140 2465 1197 2503 non

128 2526 259 2598 poterat;
281 2544 348 2583 nam
369 2524 407 2596 id,
430 2525 586 2584 secundum
606 2530 644 2600 te,
667 2525 729 2584 fieri
751 2524 860 2602 nequit.
882 2527 994 2585 Praeter
1014 2525 1197 2597 haecomnia,

129 2603 166 2661 de
191 2602 241 2662 illo
268 2624 377 2663 summe
397 2606 525 2681 perfecto
546 2606 607 2665 Deo
629 2605 706 2664 credi
727 2626 786 2664 non
806 2610 912 2682 potest,
934 2626 999 2664 eum
1019 2605 1196 2683 permittere,

128 2686 163 2742 ut
193 2703 245 2742 sno
276 2685 383 2756 Verbo,
415 2685 570 2761 Prophetis
602 2687 670 2745 dato
702 2686 738 2744 ad
766 2685 836 2745 illud
857 2686 962 2761 populo
984 2685 1195 2762 explicandum,

128 2762 203 2821 alius
233 2783 251 2822 a
282 2766 437 2840 Prophetis
467 2765 644 2825 tribueretur
675 2785 785 2837 sensus,
817 2785 903 2841 quam
928 2766 1007 2824 Deus
1036 2765 1142 2824 voluit:
1168 2764 1198 2823 si

128 2842 206 2902 enim
238 2845 401 2916 statuimus,
433 2848 526 2905 Deum
557 2845 711 2921 Prophetis
741 2865 825 2904 suum
856 2846 1031 2904 concessisse
1058 2846 1196 2916 Verbum,

129 2923 215 2982 simul
246 2925 409 2997 asserimus,
440 2927 534 2984 Deum
564 2926 649 2984 modo
681 2925 910 2985 extraordinario
931 2926 1085 3002 Prophetis
1106 2945 1196 3001 appa-

129 3003 231 3075 ruisse,
261 3006 308 3063 vel
335 3025 400 3065 cum
428 3005 462 3064 iis
489 3006 640 3081 loquutum
660 3005 757 3066 fuisse.
780 3005 889 3081 sijau
909 3007 1063 3082 Prophetae
1084 3006 1119 3064 de
1141 3006 1195 3063 hoo

129 3084 237 3143 tradito
269 3087 366 3145 Verbo
398 3087 570 3145 Parabolam
601 3087 725 3162 fingunt,
756 3087 812 3145 hoc
843 3090 896 3157 est,
923 3086 1011 3144 alium
1032 3086 1059 3144 ei
1080 3105 1193 3144 sensum

129 3164 270 3239 tribuunt,
307 3185 401 3242 quam,
433 3171 467 3225 ut
497 3165 667 3238 tribuerent,
699 3166 801 3237 voluit,
833 3167 912 3224 Deus
946 3166 1021 3225 hanc
1052 3186 1112 3225 rem
1144 3185 1193 3223 eos

130 3245 301 3304 edocuisset.
332 3247 386 3305 Est
416 3246 503 3305 etiam
534 3250 593 3305 tam
625 3251 759 3322 respectu
778 3247 991 3321 Prophetarum
1010 3245 1194 3322 impossibile,

130 3344 216 3400 quam
247 3331 382 3402 respectu
412 3327 467 3386 Dei
498 3327 697 3400 contradictio,
719 3327 882 3402 Prophetas
902 3325 990 3384 alium
1011 3347 1126 3386 sensum
1147 3346 1195 3402 po-

131 3405 221 3464 tuisse
242 3407 361 3478 hahere,
382 3426 468 3482 quam
489 3427 538 3465 eos
559 3408 666 3466 habere
686 3406 778 3466 voluit
798 3407 885 3465 Deus.

170 3487 263 3545 Deum
283 3507 367 3546 suum
386 3486 429 3545 ita
449 3487 593 3546 revelasse
615 3489 752 3558 Verbum,
773 3486 816 3545 uti
837 3491 870 3545 tu
890 3485 944 3556 vis,
965 3506 1067 3562 parum
1078 3489 1193 3563 probas
1313 3496 1315 3503 '

130 3584 233 3642 nempe
254 3587 320 3626 eum
329 3568 463 3627 'salutem
483 3572 513 3626 et
533 3567 722 3644 perditionem
743 3571 858 3626 tantum
871 3566 1025 3639 revelasse,
1038 3572 1194 3626 eertaeum
