2662 4298
398 365 717 406 rudoaoamowomrlcl
738 366 804 405 OAP.
826 367 880 406 xn.
1035 394 1041 407 .
1123 350 1161 407 97

98 534 151 592 Dei
172 553 277 604 arcam,
298 533 445 608 templum,
466 532 569 607 legem,
591 538 621 591 et
641 533 738 592 omnia
756 553 840 592 sacra
860 535 1034 609 profanavit,
1055 540 1085 594 et
1103 556 1162 595 oor·

96 614 223 690 ruptioni
243 613 374 688 subjecit.
398 613 516 683 Deinde,
538 613 563 671 si
583 614 739 671 seeundum
758 614 829 672 illud
842 615 1015 690 Apostoliin
1028 617 1055 675 2.
1067 616 1158 691 Epist.

96 696 132 752 ad
163 694 293 754 Corinth.
322 713 385 768 cap.
408 695 435 751 3.
458 713 534 752 vers.
557 695 583 751 3.
605 693 659 751 Dei
681 692 839 769 Epistolam
859 695 890 753 in
910 715 941 754 se
962 695 1079 767 habent,
1101 717 1159 755 non

96 780 258 833 atramento
288 775 338 832 sed
369 773 422 831 Dei
453 774 570 848 Spiritu,
602 793 695 849 nequo
725 773 754 831 in
786 775 892 833 tabulis
916 776 1036 851 lapideis
1058 777 1158 835 sedin

96 855 202 913 tabulis
228 855 340 913 carneis
363 853 456 911 cordis
477 854 623 929 scriptam,
645 854 779 913 desinant
798 854 911 914 literam
932 857 1053 915 adorare
1074 862 1104 915 et
1125 858 1160 916 de

96 937 196 994 eadem
220 936 291 993 adeo
312 955 375 993 esse
396 933 519 992 solliciti.

136 1015 190 1073 His
209 1021 280 1091 puto
300 1035 346 1073 me
367 1016 438 1073 satis
458 1013 638 1089 explicuisse,
661 1034 717 1089 qua
737 1014 850 1074 ratione
870 1016 1019 1092 Scriptura
1034 1036 1117 1076 sacra
1128 1024 1157 1076 et

96 1095 194 1154 divina
215 1096 348 1154 habenda
367 1096 413 1154 sit.
427 1095 589 1152 Videndum
597 1095 657 1170 jam
669 1100 722 1164 est,
734 1095 802 1169 quid
813 1096 929 1171 proprie
938 1097 1157 1171 intelligendum

95 1176 133 1234 sit
152 1197 205 1251 per
224 1203 229 1233 ι
280 1177 366 1234 ’ἹΠἹ
386 1177 474 1234 dabor
498 1174 604 1233 Jebooa
626 1175 765 1248 (Verbum
780 1175 852 1248 Dei).
867 1179 929 1234 727
938 1178 1032 1235 dabar
1043 1177 1157 1252 quidem

95 1256 240 1330 signifieat
260 1257 382 1326 certum,
405 1258 569 1327 orationem,
591 1258 722 1326 edietum,
744 1260 774 1314 ot
794 1276 863 1314 rem.
886 1255 995 1325 Quibus
1014 1263 1110 1315 autem
1123 1259 1157 1315 de

95 1337 189 1395 causis
209 1356 256 1394 res
276 1335 371 1410 aliqua
392 1335 536 1394 Hebraice
556 1335 661 1394 dicitur
681 1334 735 1393 Dei
748 1355 819 1406 esse,
832 1337 908 1394 etad
920 1337 1012 1395 Deum
1023 1338 1155 1405 refertur,

94 1417 125 1474 in
156 1417 224 1492 Sap.
258 1419 283 1475 l.
316 1416 511 1485 ostendimus;
543 1421 630 1490 atque
660 1435 697 1473 ex
723 1415 759 1474 iis
781 1416 866 1475 facile
886 1416 1066 1491 intelligitur,
1088 1418 1155 1492 quid
1228 1417 1258 1454 '⁴

81 1497 243 1572 ‘Scriptura
263 1496 427 1571 significare
448 1496 518 1554 velit
538 1515 590 1570 per
610 1498 731 1554 verbum
751 1496 814 1568 Dei,
836 1496 1005 1568 orationem,
1021 1497 1155 1567 edietum,

94 1582 124 1635 et
154 1598 223 1636 rem.
256 1577 360 1635 Omnia
389 1577 488 1652 itaque
519 1577 566 1634 hic
595 1581 726 1652 repetere
747 1597 804 1635 non
826 1582 870 1634 est
891 1597 970 1652 opus,
994 1597 1047 1636 uec
1067 1578 1155 1637 etiam
1257 1587 1273 1612 0

94 1677 158 1732 quae
189 1657 219 1715 in
251 1657 319 1732 Sap.
352 1659 379 1715 6.
411 1657 446 1715 de
477 1656 621 1714 miraculis
648 1655 734 1715 tertio
754 1657 816 1715 loco
838 1657 1022 1717 ostendimus.
1045 1658 1156 1717 Sufficit

93 1758 154 1796 rem
174 1742 288 1796 tanturn
308 1737 444 1807 indicare,
468 1740 507 1805 ut,
529 1756 592 1811 quae
613 1737 648 1794 de
669 1736 714 1794 his
735 1737 781 1795 hic
795 1736 889 1796 dicere
901 1739 1041 1809 volumus,
1054 1739 1155 1797 melius

92 1817 301 1893 intelligantur.
333 1817 441 1893 Nempe
472 1818 547 1892 quod
579 1820 698 1875 verbum
729 1817 792 1886 Dei,
824 1818 937 1892 quando
970 1819 1005 1876 de
1026 1819 1155 1895 subjecto

88 1899 190 1973 aliquo
220 1898 401 1973 praedicatur,
433 1898 508 1973 quod
538 1917 597 1955 non
627 1897 665 1955 sit
685 1897 746 1972 ipse
767 1899 855 1968 Deus,
876 1899 991 1973 proprie
1012 1898 1156 1973 siguificat

93 1980 186 2052 legem
218 1979 296 2037 illam
326 1978 470 2049 Divinam,
502 1979 536 2036 de
567 1997 625 2053 qua
655 1977 685 2035 in
717 1979 744 2034 4.
777 1978 845 2053 Sap.
878 1978 1004 2053 egimus:
1025 1980 1081 2037 hoo
1102 1985 1154 2048 est,

93 2059 273 2134 Religionem
306 2058 361 2117 toti
391 2059 517 2116 humano
549 2058 649 2132 generi
670 2057 860 2116 universalem
884 2059 944 2116 sive
965 2059 1155 2127 catholicam

93 2159 151 2214 qua
182 2139 218 2196 de
243 2159 274 2197 re
295 2137 359 2196 vide
380 2139 472 2197 Esaiae
493 2158 554 2213 cap.
579 2140 604 2196 1.
627 2157 669 2196 vs.
693 2139 740 2195 10.
762 2143 827 2206 etc,
849 2138 897 2196 ubi
918 2158 1018 2196 verum
1039 2139 1156 2197 vivendi

92 2220 208 2277 modum
238 2220 329 2289 docet,
359 2219 408 2293 qui
428 2218 535 2276 scilicet
556 2238 614 2275 non
634 2218 664 2274 in
685 2217 870 2287 eaeremoniis,
893 2218 943 2276 sed
964 2218 993 2276 in
1015 2219 1157 2277 charitate

93 2306 122 2357 et
152 2319 221 2358 vero
253 2299 347 2357 animo
368 2299 507 2369 consistit,
530 2318 650 2373 eumque
671 2298 787 2371 Legem,
810 2303 839 2355 et
862 2299 987 2357 Verbum
1009 2299 1071 2368 Dei,
1094 2319 1156 2374 pro·

92 2380 200 2438 miscuo
230 2385 324 2438 vocat.
357 2379 486 2437 Sumitur
517 2379 618 2436 deinde
649 2377 843 2452 metaphorice
874 2398 926 2453 pro
957 2379 1019 2453 ipso
1039 2379 1157 2438 Naturae

92 2460 201 2529 ordine,
227 2464 258 2517 et
284 2461 344 2517 fato
365 2459 445 2534 (quia
465 2479 568 2517 revera
589 2462 626 2517 ab
647 2464 756 2516 aeterno
778 2457 885 2516 divinae
907 2465 1021 2517 naturae
1042 2460 1157 2519 decreto

92 2541 200 2615 pendet
230 2545 260 2598 et
289 2540 449 2614 sequitur);
482 2545 511 2597 et
544 2538 687 2614 praecipue
708 2558 760 2613 pro
783 2559 825 2608 eo,
848 2541 923 2614 quod
944 2540 1030 2614 hujus
1052 2540 1159 2598 ordinis

94 2622 249 2695 Prophetae
280 2620 485 2695 praeviderant,
512 2619 598 2694 idque
620 2619 687 2694 quia
707 2618 761 2694 ipsi
783 2640 830 2677 res
849 2620 963 2678 futuras
984 2640 1036 2695 per
1057 2641 1159 2679 causas

94 2702 242 2759 naturales
262 2721 320 2758 non
341 2700 547 2775 percipiebant,
569 2701 619 2757 sed
640 2705 777 2773 tanquam
791 2700 844 2757 Dei
857 2700 964 2775 placita
974 2702 1021 2759 vel
1033 2701 1157 2760 decreta.

95 2781 205 2839 Deinde
236 2781 323 2838 etiam
347 2780 469 2838 sumitur
489 2799 541 2855 pro
563 2779 641 2837 omui
661 2781 859 2855 cujuscunque¹
878 2782 1032 2856 Prophetae
1054 2783 1156 2848 edicto,

94 2867 238 2936 qnatenus
268 2861 297 2919 id
325 2860 464 2935 singulari
485 2880 537 2919 sua
558 2860 666 2918 virtute
688 2860 734 2918 vel
755 2860 829 2918 dono
850 2861 1027 2936 prophetico,
1050 2867 1079 2919 et
1100 2883 1157 2920 non

94 2962 131 2999 ex
165 2941 308 3000 communi
341 2941 473 2999 Naturali
504 2940 624 2998 Lumine
655 2946 832 3015 perceperat,
864 2941 949 3016 idque
979 2941 1157 3016 potissimum

93 3022 160 3096 quia
201 3041 303 3080 revera
333 3022 425 3079 Deum
456 3024 593 3096 tanquam
623 3020 817 3094 legislatorem
848 3022 997 3096 percipere
1028 3023 1159 3080 solebant

94 3102 257 3177 Propheta,
290 3107 321 3159 ut
351 3101 419 3176 Oap.
441 3103 470 3159 4.
493 3100 678 3159 ostendimus.
701 3100 805 3158 Tribus
824 3101 922 3176 itaque
943 3101 988 3159 his
1009 3102 1044 3159 de
1065 3103 1159 3159 causis

94 3182 243 3257 Scriptura
273 3183 400 3239 Verbum
431 3181 484 3239 Dei
514 3181 688 3256 appellatur3
722 3199 823 3254 nempe
854 3180 921 3255 quia
952 3201 1051 3239 veram
1077 3183 1159 3239 docet

93 3261 270 3337 religionem,
302 3262 384 3337 cujus
414 3262 493 3319 Deus
514 3267 641 3320 aeternus
662 3266 705 3318 est
727 3260 850 3328 author;
873 3260 976 3319 deinde
998 3261 1065 3335 quia
1086 3281 1158 3335 prae·

94 3342 234 3400 dictiones
263 3361 359 3400 rerum
386 3342 549 3400 futurarum
580 3343 727 3416 tanquam
750 3339 804 3397 Dei
835 3341 951 3398 decreta
981 3345 1100 3411 narrat;
1130 3346 1159 3398 et

94 3423 217 3498 denique
239 3421 306 3497 quia
326 3422 355 3493 ii,
377 3422 426 3496 qui
446 3441 549 3480 revera
568 3423 687 3480 fuerunt
707 3420 769 3494 ejus
789 3420 935 3490 authores,
958 3424 990 3478 ut
1004 3420 1159 3494 plurimum

94 3523 152 3561 non
183 3521 221 3561 ex
252 3502 395 3561 communi
424 3501 557 3561 Naturali
580 3500 709 3569 Lumine,
732 3500 781 3558 sed
803 3501 926 3575 quodam
947 3500 1001 3559 sibi
1021 3500 1159 3576 peculiari

96 3584 263 3653 docuerunt,
285 3588 315 3641 et
334 3584 427 3641 Deum
448 3583 546 3641 eadem
566 3583 731 3658 loquentem
752 3580 985 3640 introduxerunt.
1007 3582 1045 3640 Et
1062 3601 1158 3656 quarn-

96 3663 139 3721 vis
169 3666 276 3738 praeter
295 3664 373 3722 'haec
403 3663 488 3740 plura
517 3662 548 3720 in
580 3661 728 3738 Scriptura
756 3660 968 3733 contineantur,
997 3682 1060 3737 quae
1081 3681 1159 3720 mere

96 3743 233 3802 historica
262 3749 339 3814 sunt,
365 3748 395 3803 et
418 3764 456 3802 ex
476 3742 596 3801 Lumine
616 3740 749 3801 Naturali
769 3747 914 3816 percepta,
936 3763 1041 3801 nomen
1062 3747 1159 3800 tamon

96 3844 113 3881 a
142 3823 254 3900 potiore
285 3821 414 3883 sumitur.
446 3824 545 3898 Atque
573 3823 641 3881 hinc
661 3821 745 3879 facile
765 3821 946 3896 percipimus,
969 3843 1025 3898 qua
1047 3821 1159 3880 ratione

135 3922 174 3982 Π.
1025 3919 1046 3982 ‘l
