2662 4298
123 341 181 398 222
546 357 685 399 srrsrons
706 357 771 396 vm.

165 528 266 597 [Porro
288 525 399 600 gratias
419 544 475 599 ago
496 524 636 582 maximas
656 543 708 600 pro
730 523 789 582 tuis
808 522 937 599 scriptis,
962 525 1044 585 mihi
1059 547 1080 586 a
1095 529 1198 589 1³.le-

123 607 185 682 ling
216 604 442 676 communicatis,
475 625 540 681 quae
574 624 680 679 magno
712 623 757 662 me
789 604 896 678 gaudio
930 606 1120 668 affecerunt.
1157 609 1200 667 Sel

123 687 304 762 potissimum
333 685 473 744 scholium
500 704 582 761 prop.
613 686 658 742 19.
691 684 721 742 Si
747 683 795 742 hic
816 688 846 742 et
865 683 921 742 tibi
943 685 979 744 in
1000 687 1118 764 aliquo,
1138 689 1199 765 quel

126 768 156 825 in
177 786 242 825 mea
261 770 407 842 potestate
427 765 474 834 ait,
496 765 607 824 servire
627 764 743 841 possim,
764 763 804 822 ibi
824 763 879 822 tibi
898 784 987 837 sum3
1002 771 1130 828 tuntum
1142 789 1200 846 opus

125 851 159 904 ut
186 866 232 904 me
260 845 398 904 scientem
425 845 525 904 facias.
553 846 616 920 Ego
643 844 796 920 collegium
823 846 1008 906 annotomiae
1038 851 1113 923 [sic]
1134 849 1199 920 inivi

125 926 250 985 medium
279 926 340 984 fere
361 925 487 997 absolvi3
509 926 651 996 absoluto,
672 924 806 1000 incipiam
826 924 997 998 chinricum,
1019 929 1129 1005 sicque
1148 950 1200 989 sm-

126 1026 191 1065 sore
211 1011 241 1064 te
261 1025 429 1081 percurram
445 1011 537 1064 totam
551 1006 743 1078 medicinam]
766 1004 882 1077 Desino,
897 1009 928 1064 et
943 1014 1082 1083 expecto
1096 1030 1201 1087 respon·

125 1087 250 1158 sionem;
272 1091 301 1145 et
322 1106 340 1144 a
360 1105 406 1144 me
426 1085 467 1144 sis
487 1087 639 1159 salutatus
664 1085 711 1161 qui
733 1105 806 1154 sum,

766 1166 830 1224 Tibi
849 1166 1094 1229 Addictiaar'mus

128 1265 195 1312 1668.
213 1265 303 1312 Datum
321 1265 506 1310 Amsteloilami
829 1245 857 1303 S.
880 1246 910 1305 J.
931 1247 971 1304 Ι)’
995 1248 1110 1310 mes.

189 1329 237 1375 Die
253 1328 284 1374 24
301 1328 432 1373 februarii.

125 1391 246 1450 Epistola
263 1391 398 1449 inscriptio
416 1390 469 1434 hmo
486 1392 538 1434 eet:

177 1453 217 1500 Sr.
233 1453 381 1498 Benedictus
398 1452 504 1510 spinosa

399 1515 441 1560 Tot

157 1576 222 1641 χῖ,
321 1576 481 1633 Bijnsburph.

448 1639 516 1684 1663.

583 1827 743 1835 -—

419 2002 637 2060 Erisroun
666 2002 707 2058 IX
728 2003 806 2075 (omn
822 2002 915 2075 xxm),

518 2136 688 2193 Doctisaimo
709 2134 816 2193 Jnveni

427 2269 615 2329 Sinoni
646 2270 707 2327 DE
739 2268 903 2327 l'RIES.

452 2400 455 2407 ’
595 2404 629 2461 Β.
652 2424 679 2461 u.
702 2403 730 2461 S.

443 2538 598 2612 Responsio
619 2540 658 2595 ud
678 2540 889 2612 praecedentem.

162 2671 183 2714 E
200 2671 316 2729 Spinozae
335 2670 504 2728 autographo,
521 2671 590 2728 quod
607 2674 646 2716 ost
664 2672 731 2730 apud
748 2671 891 2716 Ecclesiam
909 2671 1180 2732 Teleiobaptistarum

530 2734 801 2780 Amstelodamensem.

252 2824 351 2880 Amice
372 2824 490 2892 colende,

174 2929 264 3001 [Tuas
295 2928 367 2986 mihi
398 2929 505 2987 dudum
536 2927 716 2987 desideratas
746 2929 846 2987 literas
881 2929 987 3003 accepi,
1017 2951 1072 3005 pro
1104 2933 1209 3008 quibus

133 3014 242 3084 tuoque
263 3027 334 3083 erga
355 3029 400 3067 me
421 3009 526 3068 aflectu
547 3008 689 3067 maximas
714 3011 807 3067 habeo
829 3009 947 3083 gratias.
960 3011 1209 3072 nouminusmihi

131 3108 218 3164 quam
250 3089 302 3148 tibi
334 3090 472 3148 diuturna
503 3094 554 3148 tua
585 3088 718 3147 absentia
738 3090 860 3147 molesta
882 3088 944 3160 luit,
966 3089 1086 3150 interim
1109 3098 1208 3154 tamen

133 3171 245 3244 gaudeo
278 3171 352 3244 quod
386 3190 458 3228 meae
479 3169 737 3229 lucubratiunculae
759 3169 811 3227 tibi
832 3169 996 3244 nostrisque
1018 3171 1122 3232 amieis
1145 3175 1209 3234 usui

132 3249 202 3307 sint.
235 3249 282 3308 Sic
303 3250 379 3309 enim
401 3251 468 3309 dum
489 3249 597 3309 abestis
618 3253 723 3308 absens
744 3249 827 3307 vobis
847 3251 956 3325 loquor.
978 3250 1038 3308 Nec
1060 3258 1108 3311 est
1131 3257 1208 3330 quod

132 3330 262 3388 casesrio
284 3330 423 3401 invideas,
446 3332 541 3389 nullus
562 3349 664 3405 nempe
685 3330 755 3388 mihi
776 3330 870 3404 magis
891 3330 1016 3397 odiosus
1039 3340 1095 3390 nec
1117 3354 1136 3392 a
1152 3356 1209 3411 quo

134 3409 228 3484 magis
259 3430 362 3468 cavere
394 3411 503 3482 curavi,
525 3431 609 3486 quam
632 3412 668 3468 ab
688 3410 768 3486 ipso;
791 3414 976 3485 quamobrem
997 3415 1027 3468 te
1048 3431 1212 3492 omnesque

134 3494 219 3547 notos
240 3490 364 3548 monitos
385 3492 488 3549 vellem
509 3510 545 3549 ne
566 3490 621 3567 ipsi
641 3510 721 3548 meas
741 3490 890 3566 opiniones
911 3491 1132 3552 communicetis
1155 3497 1213 3555 nisi

134 3569 182 3627 ubi
214 3570 250 3628 ad
282 3571 465 3630 maturiorem
499 3577 616 3630 aetatem
637 3570 811 3646 pervenerit.
834 3570 926 3628 Nimis
947 3572 1042 3629 adhuc
1064 3578 1111 3631 est
1133 3596 1210 3651 puer

133 3669 235 3725 parum
258 3655 287 3709 et
308 3651 362 3708 sibi
383 3657 528 3710 constans.
551 3657 580 3710 et
600 3652 694 3726 magis
715 3651 855 3709 novitatis
877 3672 963 3727 qumn
985 3651 1122 3712 veritatis
1147 3662 1212 3719 stu.-

134 3729 240 3789 diosus.
273 3731 382 3789 Verum
413 3732 534 3807 puerilia
565 3733 626 3790 haec
659 3731 732 3791 vitia
762 3731 857 3805 ipsum
889 3732 989 3807 paucis
1020 3736 1087 3806 post
1122 3738 1214 3796 annis

134 3812 351 3869 emendaturum
384 3832 477 3887 spero,
508 3812 575 3883 imo,
607 3817 747 3888 quantum
769 3831 805 3868 ex
826 3811 917 3887 ipsius
936 3812 1053 3888 ingenio
1073 3813 1212 3888 judicare
