2662 4298
475 361 612 400 umbrone
634 361 718 400 XXIX.

424 528 637 587 Errsroun
662 528 768 587 XXIX.

467 661 634 720 Clarissimo
661 662 730 720 Viro

530 794 564 853 B.
586 813 614 852 n.
637 793 665 853 S.

236 925 503 986 nnnnrous
535 911 956 988 onnnneunero's.

96 1059 131 1104 llx
148 1059 307 1118 autographo
324 1059 393 1118 quod
410 1059 595 1106 Amstelodami
613 1061 737 1107 servatur.

190 1175 242 1232 Vir
263 1176 512 1246 Proestantissime,
535 1176 781 1250 colendissimcquc
802 1175 909 1247 Amice,

106 1308 151 1365 Ex
182 1307 334 1384 postremis
361 1307 428 1379 tuis,
451 1309 479 1366 4.
502 1307 580 1383 Sept.
602 1307 638 1365 ad
660 1326 706 1365 me
726 1305 855 1365 exaratis
874 1306 966 1366 literis
981 1311 1005 1383 *,
1028 1308 1129 1382 elucet,

66 1386 119 1446 tibi
140 1391 240 1446 nostra
260 1408 319 1446 non
340 1387 433 1447 obiter
453 1386 533 1446 cordi
553 1406 626 1446 esse.
649 1385 815 1445 Devinxisti
835 1406 894 1445 non
914 1407 959 1446 me
973 1389 1067 1460 modo,
1080 1391 1131 1448 sed

65 1467 253 1543 praenobilem
284 1467 419 1544 Boylimn
450 1471 591 1538 nostrum,
623 1466 673 1543 qui
704 1466 767 1538 tibi,
798 1486 918 1541 mecum,
951 1488 984 1527 eo
1016 1469 1131 1529 nomine

63 1548 205 1606 maximas
216 1547 327 1624 gratias
341 1547 412 1624 agit,
428 1547 505 1607 omni
518 1546 676 1606 officiorum
688 1566 802 1622 genere,
816 1567 881 1624 qnae
894 1547 1009 1624 quidem
1020 1552 1057 1609 ab
1067 1549 1130 1626 ipso

63 1627 205 1704 proficisci
234 1633 365 1704 possunt,
396 1628 605 1687 humanitatem
637 1632 667 1687 et
694 1628 828 1686 affectum
858 1633 940 1688 tunm
961 1630 1030 1688 data
1050 1650 1130 1690 occa·

64 1708 144 1767 sione
160 1707 421 1784 compensaturus.
452 1708 527 1768 idem
557 1728 671 1785 qnoque
693 1708 728 1767 de
747 1707 916 1784 memetipso
936 1709 1057 1769 firmiter
1078 1711 1131 1771 tibi

63 1788 172 1864 poteris
191 1789 375 1865 persuadere.
398 1789 453 1848 Sed
474 1789 569 1849 virum
589 1788 670 1848 illum
690 1789 766 1864 quod
787 1792 900 1865 spectat
920 1789 1005 1848 nimis
1024 1791 1130 1850 officio·
1159 1812 1163 1818 ·

63 1888 135 1940 sum,
167 1868 217 1945 qni
247 1889 306 1928 non
337 1872 473 1929 obstante
502 1869 553 1928 illa
583 1868 716 1928 versione
740 1870 895 1928 Tractatns
915 1870 951 1928 de
971 1870 1128 1945 GoloribnS,

63 1968 128 2025 quae
160 1948 207 2008 hic
231 1949 292 2024 jam
320 1948 456 2026 expedita
477 1946 535 2021 est,
552 1949 694 2008 adornare
714 1949 900 2008 nihilominus
922 1949 1007 2009 aliam
1027 1951 1128 2023 voluit,

62 2029 168 2088 sentiet
187 2029 328 2100 fortassis,
350 2049 381 2088 se
401 2030 476 2089 male
496 2028 552 2089 sibi
571 2032 747 2106 praepostero
768 2028 817 2088 illo
831 2029 926 2088 studio
941 2030 1128 2091 consuluisse.

63 2108 137 2179 Quid
158 2108 234 2168 enim
255 2111 291 2169 de
311 2109 403 2185 ipsius
423 2111 474 2168 fiet
493 2109 692 2181 translatione,
714 2108 739 2167 si
759 2110 875 2168 Author
892 2109 1027 2169 Latinam
1040 2111 1128 2182 illam,

60 2184 107 2248 hio
137 2189 169 2248 in
191 2190 310 2266 ,Anglia
339 2194 482 2266 paratam,
514 2187 731 2266 quamplurimis
761 2188 984 2265 Experimentis‚
1012 2210 1077 2267 qnae
1098 2191 1129 2251 in

61 2269 185 2344 Anglico
206 2289 265 2329 non
279 2269 470 2345 reperiantur,
482 2269 583 2329 iecerit
594 2268 772 2329 auctiorem?
784 2269 908 2329 Necesse
919 2275 971 2341 est,
987 2275 1126 2343 nostram,

61 2349 142 2408 brevi
162 2370 239 2408 nnnc
260 2350 511 2421 disseminandam,
527 2347 592 2410 'suae
612 2349 728 2409 omnine
749 2354 820 2408 tunc
839 2350 979 2425 praeferri,
994 2355 1025 2409 et
1037 2351 1128 2411 multo

60 2429 150 2505 pluris
171 2431 246 2506 apud
269 2430 387 2507 quosvis
408 2451 495 2489 sanos
516 2429 662 2490 aestimari.
688 2430 744 2489 Sed
764 2427 893 2489 abundet
913 2449 964 2489 suo
986 2450 1080 2506 sensu,
1103 2432 1127 2490 si

59 2509 145 2582 velit,
167 2530 220 2569 nos
240 2515 349 2584 nostra,
371 2516 458 2587 prout
481 2511 606 2570 maxime
627 2511 790 2570 consultum
810 2509 904 2569 visum
924 2511 1021 2583 fuerit,
1043 2532 1127 2571 cura·

62 2589 164 2649 bimus.
681 2636 682 2639 η

99 2670 232 2729 Kircheri
263 2673 392 2731 Mundae
426 2673 634 2732 &bleramus
664 2672 792 2731 nondum
821 2671 852 2730 in
885 2672 992 2730 mundo
1026 2677 1126 2731 nostro

60 2751 184 2826 Anglico
204 2751 374 2828 comparuit,
396 2755 433 2811 ob
453 2757 573 2828 pestem,
595 2751 691 2812 omnia
711 2752 771 2811 fere
791 2751 960 2812 commercia
974 2752 1126 2828 prohiben-

58 2834 125 2889 tem.
149 2831 268 2890 Accedit
289 2833 400 2891 Bellum
422 2832 640 2904 atrocissimum,
660 2833 735 2908 quod
749 2831 865 2891 nonnisi
880 2833 1020 2891 malorum
1034 2832 1127 2892 Iliada

59 2929 154 2969 secum
183 2911 284 2982 trahit,
316 2917 346 2971 et
376 2912 587 2971 humanitatem
618 2931 731 2971 omnem
761 2916 877 2971 tantum
903 2931 962 2971 non
984 2917 1000 2971 e
1019 2914 1126 2972 mundo

58 2990 241 3051 exterminat.
263 2992 395 3051 'Interim
425 2998 531 3062 tamen,
564 2991 632 3050 licet
652 2991 781 3051 Societas
802 2996 902 3050 nostra
922 2991 1127 3068 Philosophica

58 3071 160 3143 nullos,
190 3071 351 3148 periculoso
372 3074 428 3131 hoc
447 3076 585 3149 tempore,
607 3076 700 3131 coetus
721 3075 792 3148 agat
811 3071 956 3147 publicos:
977 3071 1008 3130 hi
1028 3076 1127 3132 tamen

57 3150 136 3209 illive
163 3152 225 3228 ejus
246 3151 332 3228 Socii,
353 3153 427 3211 tales
447 3173 478 3212 se
500 3172 562 3212 esse
583 3172 642 3210 non
662 3150 880 3214 obliviscuntur.
901 3151 978 3210 Hinc
998 3151 1047 3228 alij
1069 3153 1126 3211 Ex·

58 3230 225 3306 perimentis
255 3232 478 3308 Hydrostaticis‚
510 3232 559 3292 alii
589 3231 777 3304 Anatomicis,
799 3231 847 3307 alij
869 3231 1054 3301 Meohauiois,
1077 3233 1127 3290 alii

58 3311 131 3381 aliis,
162 3312 300 3388 privatim
326 3312 505 3373 incumbunt.
536 3314 619 3372 Dnus
646 3311 766 3390 Boylius
793 3310 933 3387 originem
954 3313 1124 3371 Formarum

58 3396 88 3450 et
119 3391 306 3465 Qualitatum,
337 3397 425 3470 prout
455 3413 490 3453 ea
516 3394 659 3452 hactenus
685 3392 716 3451 in
737 3391 848 3451 Scholia
868 3397 899 3451 et
918 3396 936 3451 ἐι
956 3392 1126 3469 paedagogis

57 3475 185 3531 tractate
213 3472 279 3544 fuit,
310 3476 364 3533 sub
395 3494 517 3533 examen
537 3472 663 3543 vocavit,
685 3478 715 3531 et
735 3475 892 3533 tractatum
914 3473 950 3531 de
970 3492 1013 3542 eo,
1035 3473 1126 3545 (hand

58 3550 143 3611 dubie'
168 3551 324 3630 insignem)
354 3555 444 3631 preelo
476 3554 557 3613 brevi
578 3552 795 3630 subjiciendum·
808 3551 1001 3613 concinnavit.
1022 3552 1124 3621 Video,

58 3633 99 3690 Te
119 3651 177 3691 non
197 3637 257 3692 tam
279 3634 484 3712 philosophari,
506 3653 601 3712 quam,
623 3633 648 3692 si
667 3632 710 3692 ita
730 3632 809 3711 loqui
829 3633 875 3693 ias
895 3638 951 3705 est,
971 3631 1125 3711 Theologi-

88 3835 102 3860 ⁴
121 3835 188 3890 Quas
204 3837 282 3884 hodie
301 3850 352 3884 non
368 3837 492 3885 habemus
