<?xml version="1.0" encoding="UTF-8"?>
<!DOCTYPE html PUBLIC "-//W3C//DTD XHTML 1.0 Transitional//EN"
    "http://www.w3.org/TR/xhtml1/DTD/xhtml1-transitional.dtd">
<html xmlns="http://www.w3.org/1999/xhtml" xml:lang="en" lang="en">
 <head>
  <title>
</title>
<meta http-equiv="Content-Type" content="text/html;charset=utf-8" />
  <meta name='ocr-system' content='tesseract 3.04.00' />
  <meta name='ocr-capabilities' content='ocr_page ocr_carea ocr_par ocr_line ocrx_word'/>
</head>
<body>
  <div class='ocr_page' id='page_1' title='image "./operaquotquotre00landgoog_0114.png"; bbox 0 0 2662 4298; ppageno 0'>
   <div class='ocr_carea' id='block_1_1' title="bbox 382 363 1146 420">
    <p class='ocr_par' dir='ltr' id='par_1_1' title="bbox 382 363 1146 420">
     <span class='ocr_line' id='line_1_1' title="bbox 382 363 1146 420; baseline 0 -2"><span class='ocrx_word' id='word_1_1' title='bbox 382 380 695 420; x_wconf 81' lang='lat' dir='ltr'><strong>rnnonouroo·eon1rrer</strong></span> <span class='ocrx_word' id='word_1_2' title='bbox 717 381 781 420; x_wconf 72' lang='lat' dir='ltr'><strong>cnr.</strong></span> <span class='ocrx_word' id='word_1_3' title='bbox 793 381 845 420; x_wconf 86' lang='lat' dir='ltr'><strong>xn.</strong></span> <span class='ocrx_word' id='word_1_4' title='bbox 1108 363 1146 419; x_wconf 83' lang='lat'><strong>99</strong></span> 
     </span>
    </p>
   </div>
   <div class='ocr_carea' id='block_1_2' title="bbox 87 546 1209 1186">
    <p class='ocr_par' dir='ltr' id='par_1_2' title="bbox 87 546 1209 1186">
     <span class='ocr_line' id='line_1_2' title="bbox 87 546 1147 624; baseline -0.003 -17"><span class='ocrx_word' id='word_1_5' title='bbox 87 550 410 624; x_wconf 82' lang='lat' dir='ltr'><strong>librosprobaverant,</strong></span> <span class='ocrx_word' id='word_1_6' title='bbox 443 547 604 605; x_wconf 90' lang='lat' dir='ltr'><strong>debuerunt</strong></span> <span class='ocrx_word' id='word_1_7' title='bbox 634 546 801 605; x_wconf 84' lang='lat' dir='ltr'><strong>necessario</strong></span> <span class='ocrx_word' id='word_1_8' title='bbox 826 547 957 605; x_wconf 74' lang='lat' dir='ltr'><strong>notitiam</strong></span> <span class='ocrx_word' id='word_1_9' title='bbox 987 547 1074 606; x_wconf 84' lang='lat' dir='ltr'><strong>Verbi</strong></span> <span class='ocrx_word' id='word_1_10' title='bbox 1095 548 1147 605; x_wconf 85' lang='lat' dir='ltr'><strong>Dei</strong></span> 
     </span>
     <span class='ocr_line' id='line_1_3' title="bbox 88 626 1147 704; baseline -0.003 -16"><span class='ocrx_word' id='word_1_11' title='bbox 88 631 203 688; x_wconf 88' lang='lat' dir='ltr'><strong>habere.</strong></span> <span class='ocrx_word' id='word_1_12' title='bbox 235 629 288 687; x_wconf 90' lang='lat' dir='ltr'><strong>IV.</strong></span> <span class='ocrx_word' id='word_1_13' title='bbox 319 627 387 704; x_wconf 90' lang='lat' dir='ltr'><strong>quia</strong></span> <span class='ocrx_word' id='word_1_14' title='bbox 407 626 541 702; x_wconf 79' lang='lat' dir='ltr'><strong>Apostoli</strong></span> <span class='ocrx_word' id='word_1_15' title='bbox 559 647 618 684; x_wconf 91' lang='lat' dir='ltr'><strong>non</strong></span> <span class='ocrx_word' id='word_1_16' title='bbox 638 631 777 702; x_wconf 87' lang='lat' dir='ltr'><strong>tanquam</strong></span> <span class='ocrx_word' id='word_1_17' title='bbox 798 628 961 702; x_wconf 88' lang='lat' dir='ltr'><strong>Prophetae,</strong></span> <span class='ocrx_word' id='word_1_18' title='bbox 984 628 1033 685; x_wconf 91' lang='lat' dir='ltr'><strong>sed</strong></span> <span class='ocrx_word' id='word_1_19' title='bbox 1055 628 1147 702; x_wconf 86' lang='lat' dir='ltr'><strong>(utin</strong></span> 
     </span>
     <span class='ocr_line' id='line_1_4' title="bbox 88 707 1150 786; baseline -0.003 -18"><span class='ocrx_word' id='word_1_20' title='bbox 88 709 272 786; x_wconf 88' lang='lat' dir='ltr'><strong>praecedente</strong></span> <span class='ocrx_word' id='word_1_21' title='bbox 302 708 402 784; x_wconf 90' lang='lat' dir='ltr'><strong>Capite</strong></span> <span class='ocrx_word' id='word_1_22' title='bbox 433 707 569 780; x_wconf 82' lang='lat' dir='ltr'><strong>diximus)</strong></span> <span class='ocrx_word' id='word_1_23' title='bbox 594 712 731 781; x_wconf 83' lang='lat' dir='ltr'><strong>tanquam</strong></span> <span class='ocrx_word' id='word_1_24' title='bbox 752 708 892 765; x_wconf 78' lang='lat' dir='ltr'><strong>Doctores</strong></span> <span class='ocrx_word' id='word_1_25' title='bbox 912 707 1098 782; x_wconf 87' lang='lat' dir='ltr'><strong>scripserunt,</strong></span> <span class='ocrx_word' id='word_1_26' title='bbox 1120 714 1150 765; x_wconf 90' lang='lat' dir='ltr'><strong>et</strong></span> 
     </span>
     <span class='ocr_line' id='line_1_5' title="bbox 89 787 1149 863; baseline -0.001 -16"><span class='ocrx_word' id='word_1_27' title='bbox 89 790 166 848; x_wconf 88' lang='lat' dir='ltr'><strong>viam</strong></span> <span class='ocrx_word' id='word_1_28' title='bbox 188 789 225 847; x_wconf 96' lang='lat' dir='ltr'><strong>ad</strong></span> <span class='ocrx_word' id='word_1_29' title='bbox 245 789 404 846; x_wconf 89' lang='lat' dir='ltr'><strong>docendum</strong></span> <span class='ocrx_word' id='word_1_30' title='bbox 425 787 583 862; x_wconf 89' lang='lat' dir='ltr'><strong>elegerunt,</strong></span> <span class='ocrx_word' id='word_1_31' title='bbox 605 806 689 862; x_wconf 90' lang='lat' dir='ltr'><strong>quam</strong></span> <span class='ocrx_word' id='word_1_32' title='bbox 712 787 867 846; x_wconf 86' lang='lat' dir='ltr'><strong>faciliorem</strong></span> <span class='ocrx_word' id='word_1_33' title='bbox 875 788 1149 863; x_wconf 88' lang='lat' dir='ltr'><strong>judicaveruntfore</strong></span> 
     </span>
     <span class='ocr_line' id='line_1_6' title="bbox 89 867 1150 945; baseline -0.002 -17"><span class='ocrx_word' id='word_1_34' title='bbox 89 868 243 945; x_wconf 78' lang='lat' dir='ltr'><strong>discipulis,</strong></span> <span class='ocrx_word' id='word_1_35' title='bbox 276 888 347 944; x_wconf 91' lang='lat' dir='ltr'><strong>quos</strong></span> <span class='ocrx_word' id='word_1_36' title='bbox 378 872 439 926; x_wconf 92' lang='lat' dir='ltr'><strong>tum</strong></span> <span class='ocrx_word' id='word_1_37' title='bbox 471 868 573 925; x_wconf 89' lang='lat' dir='ltr'><strong>docere</strong></span> <span class='ocrx_word' id='word_1_38' title='bbox 596 868 746 938; x_wconf 80' lang='lat' dir='ltr'><strong>volebant3</strong></span> <span class='ocrx_word' id='word_1_39' title='bbox 768 887 806 925; x_wconf 85' lang='lat' dir='ltr'><strong>ex</strong></span> <span class='ocrx_word' id='word_1_40' title='bbox 826 887 882 943; x_wconf 94' lang='lat' dir='ltr'><strong>quo</strong></span> <span class='ocrx_word' id='word_1_41' title='bbox 904 867 1042 943; x_wconf 90' lang='lat' dir='ltr'><strong>sequitur,</strong></span> <span class='ocrx_word' id='word_1_42' title='bbox 1064 868 1095 926; x_wconf 94' lang='lat' dir='ltr'><strong>in</strong></span> <span class='ocrx_word' id='word_1_43' title='bbox 1115 867 1150 926; x_wconf 91' lang='lat' dir='ltr'><strong>iis</strong></span> 
     </span>
     <span class='ocr_line' id='line_1_7' title="bbox 89 947 1149 1024; baseline -0.003 -16"><span class='ocrx_word' id='word_1_44' title='bbox 89 952 135 1024; x_wconf 83' lang='lat' dir='ltr'><strong>(ut</strong></span> <span class='ocrx_word' id='word_1_45' title='bbox 154 949 241 1008; x_wconf 87' lang='lat' dir='ltr'><strong>etiarn</strong></span> <span class='ocrx_word' id='word_1_46' title='bbox 261 948 291 1006; x_wconf 92' lang='lat' dir='ltr'><strong>in</strong></span> <span class='ocrx_word' id='word_1_47' title='bbox 312 950 371 1007; x_wconf 91' lang='lat' dir='ltr'><strong>fine</strong></span> <span class='ocrx_word' id='word_1_48' title='bbox 390 947 523 1024; x_wconf 88' lang='lat' dir='ltr'><strong>praedicti</strong></span> <span class='ocrx_word' id='word_1_49' title='bbox 543 947 653 1022; x_wconf 77' lang='lat' dir='ltr'><strong>Capitis</strong></span> <span class='ocrx_word' id='word_1_50' title='bbox 673 947 874 1022; x_wconf 83' lang='lat' dir='ltr'><strong>conclusimus)</strong></span> <span class='ocrx_word' id='word_1_51' title='bbox 895 950 986 1006; x_wconf 90' lang='lat' dir='ltr'><strong>multa</strong></span> <span class='ocrx_word' id='word_1_52' title='bbox 1000 948 1149 1018; x_wconf 84' lang='lat' dir='ltr'><strong>contineri,</strong></span> 
     </span>
     <span class='ocr_line' id='line_1_8' title="bbox 89 1023 1209 1105; baseline -0.003 -17"><span class='ocrx_word' id='word_1_53' title='bbox 89 1029 192 1105; x_wconf 91' lang='lat' dir='ltr'><strong>quibus</strong></span> <span class='ocrx_word' id='word_1_54' title='bbox 210 1028 403 1105; x_wconf 16' lang='lat' dir='ltr'><strong>jamuratione</strong></span> <span class='ocrx_word' id='word_1_55' title='bbox 423 1027 582 1103; x_wconf 85' lang='lat' dir='ltr'><strong>Religionis</strong></span> <span class='ocrx_word' id='word_1_56' title='bbox 602 1047 699 1086; x_wconf 90' lang='lat' dir='ltr'><strong>carere</strong></span> <span class='ocrx_word' id='word_1_57' title='bbox 719 1047 878 1103; x_wconf 89' lang='lat' dir='ltr'><strong>possumus.</strong></span> <span class='ocrx_word' id='word_1_58' title='bbox 894 1029 929 1087; x_wconf 87' lang='lat' dir='ltr'><strong>V.</strong></span> <span class='ocrx_word' id='word_1_59' title='bbox 942 1028 1151 1103; x_wconf 90' lang='lat' dir='ltr'><strong>denique,quia</strong></span> <span class='ocrx_word' id='word_1_60' title='bbox 1207 1023 1209 1027; x_wconf 69' lang='grc'><strong>’</strong></span> 
     </span>
     <span class='ocr_line' id='line_1_9' title="bbox 90 1107 1151 1186; baseline -0.002 -18"><span class='ocrx_word' id='word_1_61' title='bbox 90 1115 215 1186; x_wconf 91' lang='lat' dir='ltr'><strong>quatuor</strong></span> <span class='ocrx_word' id='word_1_62' title='bbox 245 1110 390 1167; x_wconf 89' lang='lat' dir='ltr'><strong>habentur</strong></span> <span class='ocrx_word' id='word_1_63' title='bbox 420 1108 451 1166; x_wconf 95' lang='lat' dir='ltr'><strong>in</strong></span> <span class='ocrx_word' id='word_1_64' title='bbox 482 1107 565 1166; x_wconf 88' lang='lat' dir='ltr'><strong>Novo</strong></span> <span class='ocrx_word' id='word_1_65' title='bbox 596 1109 780 1166; x_wconf 85' lang='lat' dir='ltr'><strong>Testamenta</strong></span> <span class='ocrx_word' id='word_1_66' title='bbox 807 1107 1016 1182; x_wconf 83' lang='lat' dir='ltr'><strong>Euangelistae3</strong></span> <span class='ocrx_word' id='word_1_67' title='bbox 1038 1108 1151 1184; x_wconf 90' lang='lat' dir='ltr'><strong>etquis</strong></span> 
     </span>
    </p>
   </div>
   <div class='ocr_carea' id='block_1_3' title="bbox 90 1187 1264 1265">
    <p class='ocr_par' dir='ltr' id='par_1_3' title="bbox 90 1187 1264 1265">
     <span class='ocr_line' id='line_1_10' title="bbox 90 1187 1264 1265; baseline -0.003 -17"><span class='ocrx_word' id='word_1_68' title='bbox 90 1191 197 1260; x_wconf 89' lang='lat' dir='ltr'><strong>credet,</strong></span> <span class='ocrx_word' id='word_1_69' title='bbox 220 1190 295 1265; x_wconf 94' lang='lat' dir='ltr'><strong>quod</strong></span> <span class='ocrx_word' id='word_1_70' title='bbox 316 1190 396 1247; x_wconf 91' lang='lat' dir='ltr'><strong>Deus</strong></span> <span class='ocrx_word' id='word_1_71' title='bbox 418 1193 521 1264; x_wconf 89' lang='lat' dir='ltr'><strong>quater</strong></span> <span class='ocrx_word' id='word_1_72' title='bbox 540 1188 699 1246; x_wconf 84' lang='lat' dir='ltr'><strong>Historiam</strong></span> <span class='ocrx_word' id='word_1_73' title='bbox 719 1187 828 1246; x_wconf 77' lang='lat' dir='ltr'><strong>Christi</strong></span> <span class='ocrx_word' id='word_1_74' title='bbox 847 1187 1109 1257; x_wconf 87' lang='lat' dir='ltr'><strong>narrarevoluerit‚</strong></span> <span class='ocrx_word' id='word_1_75' title='bbox 1121 1193 1151 1245; x_wconf 88' lang='lat' dir='ltr'><strong>et</strong></span> <span class='ocrx_word' id='word_1_76' title='bbox 1260 1251 1264 1263; x_wconf 57' lang='lat'><strong>,</strong></span> 
     </span>
    </p>
   </div>
   <div class='ocr_carea' id='block_1_4' title="bbox 89 1267 1155 2787">
    <p class='ocr_par' dir='ltr' id='par_1_4' title="bbox 89 1267 1153 2226">
     <span class='ocr_line' id='line_1_11' title="bbox 90 1267 1150 1346; baseline -0.003 -18"><span class='ocrx_word' id='word_1_77' title='bbox 90 1269 198 1346; x_wconf 90' lang='lat' dir='ltr'><strong>scripto</strong></span> <span class='ocrx_word' id='word_1_78' title='bbox 228 1269 393 1328; x_wconf 90' lang='lat' dir='ltr'><strong>hominibus</strong></span> <span class='ocrx_word' id='word_1_79' title='bbox 423 1268 654 1327; x_wconf 80' lang='lat' dir='ltr'><strong>communicare?</strong></span> <span class='ocrx_word' id='word_1_80' title='bbox 681 1269 719 1326; x_wconf 83' lang='lat' dir='ltr'><strong>Et</strong></span> <span class='ocrx_word' id='word_1_81' title='bbox 740 1268 871 1343; x_wconf 88' lang='lat' dir='ltr'><strong>quamvis</strong></span> <span class='ocrx_word' id='word_1_82' title='bbox 891 1267 1023 1342; x_wconf 90' lang='lat' dir='ltr'><strong>quaedam</strong></span> <span class='ocrx_word' id='word_1_83' title='bbox 1043 1267 1073 1325; x_wconf 92' lang='lat' dir='ltr'><strong>in</strong></span> <span class='ocrx_word' id='word_1_84' title='bbox 1093 1288 1150 1325; x_wconf 92' lang='lat' dir='ltr'><strong>uno</strong></span> 
     </span>
     <span class='ocr_line' id='line_1_12' title="bbox 91 1348 1151 1425; baseline -0.003 -17"><span class='ocrx_word' id='word_1_85' title='bbox 91 1350 302 1422; x_wconf 83' lang='lat' dir='ltr'><strong>contineantur,</strong></span> <span class='ocrx_word' id='word_1_86' title='bbox 325 1348 439 1425; x_wconf 89' lang='lat' dir='ltr'><strong>quaein</strong></span> <span class='ocrx_word' id='word_1_87' title='bbox 460 1348 517 1407; x_wconf 92' lang='lat' dir='ltr'><strong>alio</strong></span> <span class='ocrx_word' id='word_1_88' title='bbox 536 1368 594 1406; x_wconf 92' lang='lat' dir='ltr'><strong>non</strong></span> <span class='ocrx_word' id='word_1_89' title='bbox 615 1349 767 1418; x_wconf 88' lang='lat' dir='ltr'><strong>habentur,</strong></span> <span class='ocrx_word' id='word_1_90' title='bbox 789 1352 817 1405; x_wconf 91' lang='lat' dir='ltr'><strong>et</strong></span> <span class='ocrx_word' id='word_1_91' title='bbox 839 1349 913 1422; x_wconf 93' lang='lat' dir='ltr'><strong>quod</strong></span> <span class='ocrx_word' id='word_1_92' title='bbox 930 1368 1004 1406; x_wconf 90' lang='lat' dir='ltr'><strong>unus</strong></span> <span class='ocrx_word' id='word_1_93' title='bbox 1016 1348 1052 1405; x_wconf 90' lang='lat' dir='ltr'><strong>ad</strong></span> <span class='ocrx_word' id='word_1_94' title='bbox 1064 1348 1151 1406; x_wconf 88' lang='lat' dir='ltr'><strong>alium</strong></span> 
     </span>
     <span class='ocr_line' id='line_1_13' title="bbox 89 1428 1150 1505; baseline -0.003 -17"><span class='ocrx_word' id='word_1_95' title='bbox 89 1430 308 1505; x_wconf 89' lang='lat' dir='ltr'><strong>intelligendum</strong></span> <span class='ocrx_word' id='word_1_96' title='bbox 340 1449 417 1504; x_wconf 87' lang='lat' dir='ltr'><strong>saepe</strong></span> <span class='ocrx_word' id='word_1_97' title='bbox 446 1430 538 1504; x_wconf 88' lang='lat' dir='ltr'><strong>juvat,</strong></span> <span class='ocrx_word' id='word_1_98' title='bbox 570 1428 636 1486; x_wconf 90' lang='lat' dir='ltr'><strong>inde</strong></span> <span class='ocrx_word' id='word_1_99' title='bbox 656 1432 754 1486; x_wconf 91' lang='lat' dir='ltr'><strong>tamen</strong></span> <span class='ocrx_word' id='word_1_100' title='bbox 773 1447 831 1485; x_wconf 93' lang='lat' dir='ltr'><strong>non</strong></span> <span class='ocrx_word' id='word_1_101' title='bbox 852 1428 1076 1486; x_wconf 90' lang='lat' dir='ltr'><strong>concludendum</strong></span> <span class='ocrx_word' id='word_1_102' title='bbox 1097 1432 1150 1498; x_wconf 82' lang='lat' dir='ltr'><strong>est,</strong></span> 
     </span>
     <span class='ocr_line' id='line_1_14' title="bbox 90 1507 1152 1585; baseline -0.002 -17"><span class='ocrx_word' id='word_1_103' title='bbox 90 1510 194 1583; x_wconf 90' lang='lat' dir='ltr'><strong>omnia,</strong></span> <span class='ocrx_word' id='word_1_104' title='bbox 227 1530 291 1585; x_wconf 82' lang='lat' dir='ltr'><strong>quae</strong></span> <span class='ocrx_word' id='word_1_105' title='bbox 322 1509 352 1567; x_wconf 92' lang='lat' dir='ltr'><strong>in</strong></span> <span class='ocrx_word' id='word_1_106' title='bbox 384 1508 463 1567; x_wconf 90' lang='lat' dir='ltr'><strong>hisce</strong></span> <span class='ocrx_word' id='word_1_107' title='bbox 494 1513 618 1583; x_wconf 88' lang='lat' dir='ltr'><strong>quatuor</strong></span> <span class='ocrx_word' id='word_1_108' title='bbox 648 1513 812 1579; x_wconf 88' lang='lat' dir='ltr'><strong>narrantur,</strong></span> <span class='ocrx_word' id='word_1_109' title='bbox 844 1507 962 1583; x_wconf 88' lang='lat' dir='ltr'><strong>cognitu</strong></span> <span class='ocrx_word' id='word_1_110' title='bbox 990 1508 1152 1566; x_wconf 88' lang='lat' dir='ltr'><strong>necessaria</strong></span> 
     </span>
     <span class='ocr_line' id='line_1_15' title="bbox 90 1587 1151 1663; baseline -0.002 -15"><span class='ocrx_word' id='word_1_111' title='bbox 90 1590 186 1663; x_wconf 84' lang='lat' dir='ltr'><strong>fuisse,</strong></span> <span class='ocrx_word' id='word_1_112' title='bbox 209 1595 239 1648; x_wconf 90' lang='lat' dir='ltr'><strong>et</strong></span> <span class='ocrx_word' id='word_1_113' title='bbox 259 1591 351 1648; x_wconf 90' lang='lat' dir='ltr'><strong>Deum</strong></span> <span class='ocrx_word' id='word_1_114' title='bbox 372 1609 422 1647; x_wconf 92' lang='lat' dir='ltr'><strong>eos</strong></span> <span class='ocrx_word' id='word_1_115' title='bbox 442 1588 563 1663; x_wconf 84' lang='lat' dir='ltr'><strong>elegisse</strong></span> <span class='ocrx_word' id='word_1_116' title='bbox 584 1588 619 1646; x_wconf 93' lang='lat' dir='ltr'><strong>ad</strong></span> <span class='ocrx_word' id='word_1_117' title='bbox 641 1588 831 1654; x_wconf 86' lang='lat' dir='ltr'><strong>scribendum,</strong></span> <span class='ocrx_word' id='word_1_118' title='bbox 853 1593 886 1646; x_wconf 92' lang='lat' dir='ltr'><strong>ut</strong></span> <span class='ocrx_word' id='word_1_119' title='bbox 906 1587 1014 1647; x_wconf 79' lang='lat' dir='ltr'><strong>Christi</strong></span> <span class='ocrx_word' id='word_1_120' title='bbox 1032 1588 1151 1646; x_wconf 91' lang='lat' dir='ltr'><strong>historia</strong></span> 
     </span>
     <span class='ocr_line' id='line_1_16' title="bbox 89 1668 1152 1744; baseline -0.002 -16"><span class='ocrx_word' id='word_1_121' title='bbox 89 1670 191 1729; x_wconf 91' lang='lat' dir='ltr'><strong>melius</strong></span> <span class='ocrx_word' id='word_1_122' title='bbox 211 1670 438 1744; x_wconf 84' lang='lat' dir='ltr'><strong>intelligeretur;</strong></span> <span class='ocrx_word' id='word_1_123' title='bbox 453 1688 520 1727; x_wconf 93' lang='lat' dir='ltr'><strong>nam</strong></span> <span class='ocrx_word' id='word_1_124' title='bbox 538 1669 734 1744; x_wconf 89' lang='lat' dir='ltr'><strong>unusquisque</strong></span> <span class='ocrx_word' id='word_1_125' title='bbox 744 1688 827 1727; x_wconf 89' lang='lat' dir='ltr'><strong>suum</strong></span> <span class='ocrx_word' id='word_1_126' title='bbox 838 1669 1028 1743; x_wconf 83' lang='lat' dir='ltr'><strong>Evangelium</strong></span> <span class='ocrx_word' id='word_1_127' title='bbox 1039 1668 1152 1727; x_wconf 87' lang='lat' dir='ltr'><strong>diverso</strong></span> 
     </span>
     <span class='ocr_line' id='line_1_17' title="bbox 90 1748 1151 1826; baseline -0.002 -17"><span class='ocrx_word' id='word_1_128' title='bbox 90 1751 153 1809; x_wconf 94' lang='lat' dir='ltr'><strong>loco</strong></span> <span class='ocrx_word' id='word_1_129' title='bbox 174 1750 351 1826; x_wconf 77' lang='lat' dir='ltr'><strong>praedicavit,</strong></span> <span class='ocrx_word' id='word_1_130' title='bbox 373 1754 402 1808; x_wconf 91' lang='lat' dir='ltr'><strong>et</strong></span> <span class='ocrx_word' id='word_1_131' title='bbox 422 1748 617 1824; x_wconf 89' lang='lat' dir='ltr'><strong>unusquisque</strong></span> <span class='ocrx_word' id='word_1_132' title='bbox 636 1749 674 1820; x_wconf 92' lang='lat' dir='ltr'><strong>id,</strong></span> <span class='ocrx_word' id='word_1_133' title='bbox 697 1749 774 1825; x_wconf 93' lang='lat' dir='ltr'><strong>quod</strong></span> <span class='ocrx_word' id='word_1_134' title='bbox 793 1749 1012 1825; x_wconf 88' lang='lat' dir='ltr'><strong>praedicaverat,</strong></span> <span class='ocrx_word' id='word_1_135' title='bbox 1029 1749 1151 1825; x_wconf 83' lang='lat' dir='ltr'><strong>scripsit,</strong></span> 
     </span>
     <span class='ocr_line' id='line_1_18' title="bbox 91 1828 1152 1907; baseline -0.002 -19"><span class='ocrx_word' id='word_1_136' title='bbox 91 1831 178 1907; x_wconf 90' lang='lat' dir='ltr'><strong>idque</strong></span> <span class='ocrx_word' id='word_1_137' title='bbox 198 1829 373 1906; x_wconf 89' lang='lat' dir='ltr'><strong>simpliciter,</strong></span> <span class='ocrx_word' id='word_1_138' title='bbox 394 1835 428 1888; x_wconf 94' lang='lat' dir='ltr'><strong>ut</strong></span> <span class='ocrx_word' id='word_1_139' title='bbox 447 1829 597 1888; x_wconf 86' lang='lat' dir='ltr'><strong>historiam</strong></span> <span class='ocrx_word' id='word_1_140' title='bbox 618 1828 725 1887; x_wconf 86' lang='lat' dir='ltr'><strong>Christi</strong></span> <span class='ocrx_word' id='word_1_141' title='bbox 745 1829 867 1887; x_wconf 90' lang='lat' dir='ltr'><strong>dilucide</strong></span> <span class='ocrx_word' id='word_1_142' title='bbox 887 1834 1028 1900; x_wconf 86' lang='lat' dir='ltr'><strong>narraret,</strong></span> <span class='ocrx_word' id='word_1_143' title='bbox 1050 1833 1080 1887; x_wconf 91' lang='lat' dir='ltr'><strong>et</strong></span> <span class='ocrx_word' id='word_1_144' title='bbox 1094 1849 1152 1886; x_wconf 91' lang='lat' dir='ltr'><strong>non</strong></span> 
     </span>
     <span class='ocr_line' id='line_1_19' title="bbox 92 1909 1152 1986; baseline -0.001 -17"><span class='ocrx_word' id='word_1_145' title='bbox 92 1911 129 1970; x_wconf 91' lang='lat' dir='ltr'><strong>ad</strong></span> <span class='ocrx_word' id='word_1_146' title='bbox 159 1911 284 1986; x_wconf 88' lang='lat' dir='ltr'><strong>reliquos</strong></span> <span class='ocrx_word' id='word_1_147' title='bbox 315 1909 525 1986; x_wconf 85' lang='lat' dir='ltr'><strong>explicandum.</strong></span> <span class='ocrx_word' id='word_1_148' title='bbox 557 1909 588 1967; x_wconf 90' lang='lat' dir='ltr'><strong>Si</strong></span> <span class='ocrx_word' id='word_1_149' title='bbox 615 1909 676 1984; x_wconf 88' lang='lat' dir='ltr'><strong>jam</strong></span> <span class='ocrx_word' id='word_1_150' title='bbox 704 1929 740 1968; x_wconf 88' lang='lat' dir='ltr'><strong>ex</strong></span> <span class='ocrx_word' id='word_1_151' title='bbox 761 1929 860 1967; x_wconf 92' lang='lat' dir='ltr'><strong>eorum</strong></span> <span class='ocrx_word' id='word_1_152' title='bbox 880 1913 981 1967; x_wconf 88' lang='lat' dir='ltr'><strong>mutua</strong></span> <span class='ocrx_word' id='word_1_153' title='bbox 1001 1909 1152 1968; x_wconf 87' lang='lat' dir='ltr'><strong>collatione</strong></span> 
     </span>
     <span class='ocr_line' id='line_1_20' title="bbox 91 1988 1153 2064; baseline -0.002 -15"><span class='ocrx_word' id='word_1_154' title='bbox 91 1990 203 2050; x_wconf 86' lang='lat' dir='ltr'><strong>facilius</strong></span> <span class='ocrx_word' id='word_1_155' title='bbox 228 1995 257 2049; x_wconf 93' lang='lat' dir='ltr'><strong>et</strong></span> <span class='ocrx_word' id='word_1_156' title='bbox 276 1991 378 2048; x_wconf 86' lang='lat' dir='ltr'><strong>melius</strong></span> <span class='ocrx_word' id='word_1_157' title='bbox 399 1990 570 2064; x_wconf 86' lang='lat' dir='ltr'><strong>quandoque</strong></span> <span class='ocrx_word' id='word_1_158' title='bbox 589 1988 800 2064; x_wconf 87' lang='lat' dir='ltr'><strong>intelliguntur,</strong></span> <span class='ocrx_word' id='word_1_159' title='bbox 821 1989 850 2047; x_wconf 88' lang='lat' dir='ltr'><strong>id</strong></span> <span class='ocrx_word' id='word_1_160' title='bbox 871 2009 940 2047; x_wconf 88' lang='lat' dir='ltr'><strong>casu</strong></span> <span class='ocrx_word' id='word_1_161' title='bbox 961 1989 1103 2064; x_wconf 91' lang='lat' dir='ltr'><strong>contingit</strong></span> <span class='ocrx_word' id='word_1_162' title='bbox 1123 1994 1153 2048; x_wconf 91' lang='lat' dir='ltr'><strong>et</strong></span> 
     </span>
     <span class='ocr_line' id='line_1_21' title="bbox 91 2069 1153 2147; baseline -0.002 -18"><span class='ocrx_word' id='word_1_163' title='bbox 91 2071 191 2147; x_wconf 89' lang='lat' dir='ltr'><strong>paucis</strong></span> <span class='ocrx_word' id='word_1_164' title='bbox 222 2075 336 2129; x_wconf 87' lang='lat' dir='ltr'><strong>tantum</strong></span> <span class='ocrx_word' id='word_1_165' title='bbox 366 2071 396 2128; x_wconf 92' lang='lat' dir='ltr'><strong>in</strong></span> <span class='ocrx_word' id='word_1_166' title='bbox 427 2070 505 2140; x_wconf 91' lang='lat' dir='ltr'><strong>locis,</strong></span> <span class='ocrx_word' id='word_1_167' title='bbox 537 2089 601 2145; x_wconf 87' lang='lat' dir='ltr'><strong>quae</strong></span> <span class='ocrx_word' id='word_1_168' title='bbox 631 2069 763 2143; x_wconf 90' lang='lat' dir='ltr'><strong>quamvis</strong></span> <span class='ocrx_word' id='word_1_169' title='bbox 792 2069 1006 2144; x_wconf 83' lang='lat' dir='ltr'><strong>ignorarentur,</strong></span> <span class='ocrx_word' id='word_1_170' title='bbox 1033 2069 1153 2127; x_wconf 87' lang='lat' dir='ltr'><strong>historia</strong></span> 
     </span>
     <span class='ocr_line' id='line_1_22' title="bbox 92 2149 1065 2226; baseline -0.002 -17"><span class='ocrx_word' id='word_1_171' title='bbox 92 2156 189 2209; x_wconf 88' lang='lat' dir='ltr'><strong>tamen</strong></span> <span class='ocrx_word' id='word_1_172' title='bbox 209 2171 290 2226; x_wconf 79' lang='lat' dir='ltr'><strong>aeque</strong></span> <span class='ocrx_word' id='word_1_173' title='bbox 309 2150 461 2226; x_wconf 89' lang='lat' dir='ltr'><strong>perspicua</strong></span> <span class='ocrx_word' id='word_1_174' title='bbox 481 2154 566 2221; x_wconf 89' lang='lat' dir='ltr'><strong>esset,</strong></span> <span class='ocrx_word' id='word_1_175' title='bbox 588 2154 617 2207; x_wconf 91' lang='lat' dir='ltr'><strong>et</strong></span> <span class='ocrx_word' id='word_1_176' title='bbox 638 2149 767 2208; x_wconf 89' lang='lat' dir='ltr'><strong>homines</strong></span> <span class='ocrx_word' id='word_1_177' title='bbox 787 2170 844 2207; x_wconf 91' lang='lat' dir='ltr'><strong>non</strong></span> <span class='ocrx_word' id='word_1_178' title='bbox 865 2149 960 2207; x_wconf 87' lang='lat' dir='ltr'><strong>minus</strong></span> <span class='ocrx_word' id='word_1_179' title='bbox 980 2149 1065 2207; x_wconf 90' lang='lat' dir='ltr'><strong>beati.</strong></span> 
     </span>
    </p>

    <p class='ocr_par' dir='ltr' id='par_1_5' title="bbox 92 2229 1155 2787">
     <span class='ocr_line' id='line_1_23' title="bbox 131 2229 1153 2306; baseline -0.003 -17"><span class='ocrx_word' id='word_1_180' title='bbox 131 2231 186 2288; x_wconf 90' lang='lat' dir='ltr'><strong>His</strong></span> <span class='ocrx_word' id='word_1_181' title='bbox 217 2231 402 2301; x_wconf 89' lang='lat' dir='ltr'><strong>ostendimus,</strong></span> <span class='ocrx_word' id='word_1_182' title='bbox 435 2230 612 2306; x_wconf 90' lang='lat' dir='ltr'><strong>Scripturam</strong></span> <span class='ocrx_word' id='word_1_183' title='bbox 637 2230 749 2287; x_wconf 88' lang='lat' dir='ltr'><strong>ratione</strong></span> <span class='ocrx_word' id='word_1_184' title='bbox 770 2229 928 2304; x_wconf 86' lang='lat' dir='ltr'><strong>Religionis</strong></span> <span class='ocrx_word' id='word_1_185' title='bbox 948 2234 1070 2299; x_wconf 87' lang='lat' dir='ltr'><strong>tantum,</strong></span> <span class='ocrx_word' id='word_1_186' title='bbox 1092 2229 1153 2286; x_wconf 92' lang='lat' dir='ltr'><strong>sive</strong></span> 
     </span>
     <span class='ocr_line' id='line_1_24' title="bbox 92 2309 1152 2385; baseline -0.001 -16"><span class='ocrx_word' id='word_1_187' title='bbox 92 2311 204 2370; x_wconf 89' lang='lat' dir='ltr'><strong>ratione</strong></span> <span class='ocrx_word' id='word_1_188' title='bbox 234 2310 322 2385; x_wconf 87' lang='lat' dir='ltr'><strong>Legis</strong></span> <span class='ocrx_word' id='word_1_189' title='bbox 352 2310 466 2369; x_wconf 88' lang='lat' dir='ltr'><strong>Divinae</strong></span> <span class='ocrx_word' id='word_1_190' title='bbox 487 2310 667 2380; x_wconf 87' lang='lat' dir='ltr'><strong>universalis,</strong></span> <span class='ocrx_word' id='word_1_191' title='bbox 687 2309 803 2384; x_wconf 88' lang='lat' dir='ltr'><strong>proprie</strong></span> <span class='ocrx_word' id='word_1_192' title='bbox 824 2309 920 2367; x_wconf 91' lang='lat' dir='ltr'><strong>vocari</strong></span> <span class='ocrx_word' id='word_1_193' title='bbox 942 2310 1069 2367; x_wconf 89' lang='lat' dir='ltr'><strong>Verbum</strong></span> <span class='ocrx_word' id='word_1_194' title='bbox 1089 2309 1152 2368; x_wconf 90' lang='lat' dir='ltr'><strong>Dei.</strong></span> 
     </span>
     <span class='ocr_line' id='line_1_25' title="bbox 93 2389 1152 2467; baseline -0.004 -17"><span class='ocrx_word' id='word_1_195' title='bbox 93 2391 230 2467; x_wconf 82' lang='lat' dir='ltr'><strong>Superest</strong></span> <span class='ocrx_word' id='word_1_196' title='bbox 251 2392 310 2467; x_wconf 84' lang='lat' dir='ltr'><strong>jam</strong></span> <span class='ocrx_word' id='word_1_197' title='bbox 332 2392 491 2463; x_wconf 88' lang='lat' dir='ltr'><strong>ostendere,</strong></span> <span class='ocrx_word' id='word_1_198' title='bbox 514 2391 642 2461; x_wconf 86' lang='lat' dir='ltr'><strong>eandem,</strong></span> <span class='ocrx_word' id='word_1_199' title='bbox 664 2395 806 2465; x_wconf 88' lang='lat' dir='ltr'><strong>quatenus</strong></span> <span class='ocrx_word' id='word_1_200' title='bbox 826 2389 941 2465; x_wconf 87' lang='lat' dir='ltr'><strong>proprie</strong></span> <span class='ocrx_word' id='word_1_201' title='bbox 962 2389 1002 2447; x_wconf 89' lang='lat' dir='ltr'><strong>sic</strong></span> <span class='ocrx_word' id='word_1_202' title='bbox 1022 2393 1152 2456; x_wconf 84' lang='lat' dir='ltr'><strong>vocatur,</strong></span> 
     </span>
     <span class='ocr_line' id='line_1_26' title="bbox 93 2469 1152 2546; baseline -0.002 -17"><span class='ocrx_word' id='word_1_203' title='bbox 93 2491 151 2529; x_wconf 92' lang='lat' dir='ltr'><strong>non</strong></span> <span class='ocrx_word' id='word_1_204' title='bbox 181 2491 244 2530; x_wconf 89' lang='lat' dir='ltr'><strong>esse</strong></span> <span class='ocrx_word' id='word_1_205' title='bbox 270 2473 445 2542; x_wconf 90' lang='lat' dir='ltr'><strong>mendosam,</strong></span> <span class='ocrx_word' id='word_1_206' title='bbox 474 2472 671 2546; x_wconf 83' lang='lat' dir='ltr'><strong>depravatam,</strong></span> <span class='ocrx_word' id='word_1_207' title='bbox 699 2490 792 2545; x_wconf 90' lang='lat' dir='ltr'><strong>neque</strong></span> <span class='ocrx_word' id='word_1_208' title='bbox 819 2474 990 2528; x_wconf 78' lang='lat' dir='ltr'><strong>truncata-m.</strong></span> <span class='ocrx_word' id='word_1_209' title='bbox 1012 2469 1105 2544; x_wconf 90' lang='lat' dir='ltr'><strong>Atqui</strong></span> <span class='ocrx_word' id='word_1_210' title='bbox 1125 2469 1152 2527; x_wconf 93' lang='lat' dir='ltr'><strong>id</strong></span> 
     </span>
     <span class='ocr_line' id='line_1_27' title="bbox 92 2550 1153 2627; baseline -0.002 -18"><span class='ocrx_word' id='word_1_211' title='bbox 92 2551 139 2609; x_wconf 89' lang='lat' dir='ltr'><strong>hic</strong></span> <span class='ocrx_word' id='word_1_212' title='bbox 171 2553 347 2622; x_wconf 90' lang='lat' dir='ltr'><strong>mendosum,</strong></span> <span class='ocrx_word' id='word_1_213' title='bbox 380 2552 569 2627; x_wconf 90' lang='lat' dir='ltr'><strong>depravatum</strong></span> <span class='ocrx_word' id='word_1_214' title='bbox 591 2556 677 2625; x_wconf 90' lang='lat' dir='ltr'><strong>atque</strong></span> <span class='ocrx_word' id='word_1_215' title='bbox 697 2556 862 2610; x_wconf 90' lang='lat' dir='ltr'><strong>truncatum</strong></span> <span class='ocrx_word' id='word_1_216' title='bbox 883 2570 963 2621; x_wconf 90' lang='lat' dir='ltr'><strong>voco,</strong></span> <span class='ocrx_word' id='word_1_217' title='bbox 986 2550 1061 2625; x_wconf 92' lang='lat' dir='ltr'><strong>quod</strong></span> <span class='ocrx_word' id='word_1_218' title='bbox 1083 2551 1153 2608; x_wconf 90' lang='lat' dir='ltr'><strong>adeo</strong></span> 
     </span>
     <span class='ocr_line' id='line_1_28' title="bbox 93 2629 1155 2707; baseline -0.002 -17"><span class='ocrx_word' id='word_1_219' title='bbox 93 2650 243 2707; x_wconf 89' lang='lat' dir='ltr'><strong>perperam</strong></span> <span class='ocrx_word' id='word_1_220' title='bbox 278 2631 416 2706; x_wconf 87' lang='lat' dir='ltr'><strong>scripturn</strong></span> <span class='ocrx_word' id='word_1_221' title='bbox 452 2637 481 2690; x_wconf 94' lang='lat' dir='ltr'><strong>et</strong></span> <span class='ocrx_word' id='word_1_222' title='bbox 510 2634 706 2689; x_wconf 89' lang='lat' dir='ltr'><strong>constructum</strong></span> <span class='ocrx_word' id='word_1_223' title='bbox 736 2635 789 2702; x_wconf 88' lang='lat' dir='ltr'><strong>est,</strong></span> <span class='ocrx_word' id='word_1_224' title='bbox 821 2636 855 2690; x_wconf 93' lang='lat' dir='ltr'><strong>ut</strong></span> <span class='ocrx_word' id='word_1_225' title='bbox 885 2651 986 2690; x_wconf 88' lang='lat' dir='ltr'><strong>sensus</strong></span> <span class='ocrx_word' id='word_1_226' title='bbox 1017 2629 1155 2689; x_wconf 87' lang='lat' dir='ltr'><strong>orationis</strong></span> 
     </span>
     <span class='ocr_line' id='line_1_29' title="bbox 93 2711 1153 2787; baseline -0.003 -17"><span class='ocrx_word' id='word_1_227' title='bbox 93 2732 130 2770; x_wconf 87' lang='lat' dir='ltr'><strong>ex</strong></span> <span class='ocrx_word' id='word_1_228' title='bbox 167 2732 222 2770; x_wconf 89' lang='lat' dir='ltr'><strong>usu</strong></span> <span class='ocrx_word' id='word_1_229' title='bbox 254 2711 360 2786; x_wconf 86' lang='lat' dir='ltr'><strong>linguae</strong></span> <span class='ocrx_word' id='word_1_230' title='bbox 391 2711 570 2786; x_wconf 88' lang='lat' dir='ltr'><strong>investigari,</strong></span> <span class='ocrx_word' id='word_1_231' title='bbox 602 2712 649 2770; x_wconf 88' lang='lat' dir='ltr'><strong>vel</strong></span> <span class='ocrx_word' id='word_1_232' title='bbox 679 2731 715 2770; x_wconf 88' lang='lat' dir='ltr'><strong>ex</strong></span> <span class='ocrx_word' id='word_1_233' title='bbox 746 2713 806 2769; x_wconf 92' lang='lat' dir='ltr'><strong>sola</strong></span> <span class='ocrx_word' id='word_1_234' title='bbox 838 2712 987 2787; x_wconf 83' lang='lat' dir='ltr'><strong>Scriptura</strong></span> <span class='ocrx_word' id='word_1_235' title='bbox 1017 2711 1153 2785; x_wconf 89' lang='lat' dir='ltr'><strong>depromi,</strong></span> 
     </span>
    </p>
   </div>
   <div class='ocr_carea' id='block_1_5' title="bbox 93 2791 1244 2868">
    <p class='ocr_par' dir='ltr' id='par_1_6' title="bbox 93 2791 1244 2868">
     <span class='ocr_line' id='line_1_30' title="bbox 93 2791 1244 2868; baseline -0.002 -18"><span class='ocrx_word' id='word_1_236' title='bbox 93 2796 234 2867; x_wconf 89' lang='lat' dir='ltr'><strong>nequeat;</strong></span> <span class='ocrx_word' id='word_1_237' title='bbox 261 2812 328 2850; x_wconf 88' lang='lat' dir='ltr'><strong>narn</strong></span> <span class='ocrx_word' id='word_1_238' title='bbox 351 2791 495 2850; x_wconf 88' lang='lat' dir='ltr'><strong>affirmare</strong></span> <span class='ocrx_word' id='word_1_239' title='bbox 515 2792 589 2864; x_wconf 86' lang='lat' dir='ltr'><strong>nole,</strong></span> <span class='ocrx_word' id='word_1_240' title='bbox 611 2792 688 2866; x_wconf 82' lang='lat' dir='ltr'><strong>quod¹</strong></span> <span class='ocrx_word' id='word_1_241' title='bbox 708 2791 864 2867; x_wconf 85' lang='lat' dir='ltr'><strong>Scriptura,</strong></span> <span class='ocrx_word' id='word_1_242' title='bbox 886 2798 1028 2866; x_wconf 91' lang='lat' dir='ltr'><strong>quatenus</strong></span> <span class='ocrx_word' id='word_1_243' title='bbox 1048 2792 1154 2865; x_wconf 87' lang='lat' dir='ltr'><strong>Legem</strong></span> <span class='ocrx_word' id='word_1_244' title='bbox 1240 2860 1244 2868; x_wconf 22' lang='grc' dir='ltr'><strong><em>ι</em></strong></span> 
     </span>
    </p>
   </div>
   <div class='ocr_carea' id='block_1_6' title="bbox 93 2871 1157 3908">
    <p class='ocr_par' dir='ltr' id='par_1_7' title="bbox 93 2871 1157 3908">
     <span class='ocr_line' id='line_1_31' title="bbox 93 2871 1155 2947; baseline -0.002 -17"><span class='ocrx_word' id='word_1_245' title='bbox 93 2871 228 2930; x_wconf 90' lang='lat' dir='ltr'><strong>Divinam</strong></span> <span class='ocrx_word' id='word_1_246' title='bbox 261 2871 399 2941; x_wconf 88' lang='lat' dir='ltr'><strong>continet,</strong></span> <span class='ocrx_word' id='word_1_247' title='bbox 432 2891 544 2947; x_wconf 89' lang='lat' dir='ltr'><strong>semper</strong></span> <span class='ocrx_word' id='word_1_248' title='bbox 575 2873 688 2930; x_wconf 86' lang='lat' dir='ltr'><strong>eosdem</strong></span> <span class='ocrx_word' id='word_1_249' title='bbox 720 2872 824 2947; x_wconf 89' lang='lat' dir='ltr'><strong>apices,</strong></span> <span class='ocrx_word' id='word_1_250' title='bbox 856 2873 970 2930; x_wconf 91' lang='lat' dir='ltr'><strong>easdem</strong></span> <span class='ocrx_word' id='word_1_251' title='bbox 997 2871 1104 2942; x_wconf 88' lang='lat' dir='ltr'><strong>literas,</strong></span> <span class='ocrx_word' id='word_1_252' title='bbox 1126 2879 1155 2928; x_wconf 94' lang='lat' dir='ltr'><strong>et</strong></span> 
     </span>
     <span class='ocr_line' id='line_1_32' title="bbox 94 2950 1156 3028; baseline -0.002 -18"><span class='ocrx_word' id='word_1_253' title='bbox 94 2952 216 3028; x_wconf 91' lang='lat' dir='ltr'><strong>denique</strong></span> <span class='ocrx_word' id='word_1_254' title='bbox 248 2953 346 3010; x_wconf 91' lang='lat' dir='ltr'><strong>eadem</strong></span> <span class='ocrx_word' id='word_1_255' title='bbox 378 2954 468 3010; x_wconf 89' lang='lat' dir='ltr'><strong>verba</strong></span> <span class='ocrx_word' id='word_1_256' title='bbox 499 2952 628 3010; x_wconf 87' lang='lat' dir='ltr'><strong>servavit</strong></span> <span class='ocrx_word' id='word_1_257' title='bbox 660 2953 724 3020; x_wconf 89' lang='lat' dir='ltr'><strong>(hoc</strong></span> <span class='ocrx_word' id='word_1_258' title='bbox 755 2952 829 3010; x_wconf 91' lang='lat' dir='ltr'><strong>enim</strong></span> <span class='ocrx_word' id='word_1_259' title='bbox 859 2951 1021 3018; x_wconf 87' lang='lat' dir='ltr'><strong>Masoretis‚</strong></span> <span class='ocrx_word' id='word_1_260' title='bbox 1054 2956 1083 3009; x_wconf 91' lang='lat' dir='ltr'><strong>et</strong></span> <span class='ocrx_word' id='word_1_261' title='bbox 1107 2950 1156 3026; x_wconf 90' lang='lat' dir='ltr'><strong>qui</strong></span> 
     </span>
     <span class='ocr_line' id='line_1_33' title="bbox 93 3031 1155 3108; baseline -0.001 -19"><span class='ocrx_word' id='word_1_262' title='bbox 93 3032 207 3090; x_wconf 89' lang='lat' dir='ltr'><strong>literam</strong></span> <span class='ocrx_word' id='word_1_263' title='bbox 245 3032 444 3108; x_wconf 87' lang='lat' dir='ltr'><strong>superstitiose</strong></span> <span class='ocrx_word' id='word_1_264' title='bbox 475 3033 606 3104; x_wconf 90' lang='lat' dir='ltr'><strong>adorant,</strong></span> <span class='ocrx_word' id='word_1_265' title='bbox 638 3032 892 3090; x_wconf 89' lang='lat' dir='ltr'><strong>demonstrandum</strong></span> <span class='ocrx_word' id='word_1_266' title='bbox 923 3031 1074 3106; x_wconf 89' lang='lat' dir='ltr'><strong>relinquo),</strong></span> <span class='ocrx_word' id='word_1_267' title='bbox 1105 3032 1155 3088; x_wconf 89' lang='lat' dir='ltr'><strong>sed</strong></span> 
     </span>
     <span class='ocr_line' id='line_1_34' title="bbox 93 3110 1157 3187; baseline -0.001 -18"><span class='ocrx_word' id='word_1_268' title='bbox 93 3117 207 3171; x_wconf 90' lang='lat' dir='ltr'><strong>tantum</strong></span> <span class='ocrx_word' id='word_1_269' title='bbox 232 3113 307 3187; x_wconf 92' lang='lat' dir='ltr'><strong>quod</strong></span> <span class='ocrx_word' id='word_1_270' title='bbox 329 3132 438 3182; x_wconf 86' lang='lat' dir='ltr'><strong>sensus,</strong></span> <span class='ocrx_word' id='word_1_271' title='bbox 460 3112 571 3170; x_wconf 90' lang='lat' dir='ltr'><strong>ratione</strong></span> <span class='ocrx_word' id='word_1_272' title='bbox 591 3112 673 3187; x_wconf 86' lang='lat' dir='ltr'><strong>cujus</strong></span> <span class='ocrx_word' id='word_1_273' title='bbox 693 3115 806 3169; x_wconf 90' lang='lat' dir='ltr'><strong>tantum</strong></span> <span class='ocrx_word' id='word_1_274' title='bbox 828 3111 920 3169; x_wconf 90' lang='lat' dir='ltr'><strong>oratio</strong></span> <span class='ocrx_word' id='word_1_275' title='bbox 942 3112 1038 3185; x_wconf 88' lang='lat' dir='ltr'><strong>aliqua</strong></span> <span class='ocrx_word' id='word_1_276' title='bbox 1058 3110 1157 3168; x_wconf 88' lang='lat' dir='ltr'><strong>divina</strong></span> 
     </span>
     <span class='ocr_line' id='line_1_35' title="bbox 94 3191 1156 3268; baseline -0.004 -17"><span class='ocrx_word' id='word_1_277' title='bbox 94 3193 192 3251; x_wconf 91' lang='lat' dir='ltr'><strong>vocari</strong></span> <span class='ocrx_word' id='word_1_278' title='bbox 213 3197 317 3268; x_wconf 90' lang='lat' dir='ltr'><strong>potest,</strong></span> <span class='ocrx_word' id='word_1_279' title='bbox 340 3192 524 3268; x_wconf 88' lang='lat' dir='ltr'><strong>incorruptus</strong></span> <span class='ocrx_word' id='word_1_280' title='bbox 545 3193 580 3249; x_wconf 90' lang='lat' dir='ltr'><strong>ad</strong></span> <span class='ocrx_word' id='word_1_281' title='bbox 601 3211 654 3249; x_wconf 90' lang='lat' dir='ltr'><strong>nos</strong></span> <span class='ocrx_word' id='word_1_282' title='bbox 664 3191 806 3266; x_wconf 90' lang='lat' dir='ltr'><strong>pervenit,</strong></span> <span class='ocrx_word' id='word_1_283' title='bbox 816 3191 932 3248; x_wconf 91' lang='lat' dir='ltr'><strong>tametsi</strong></span> <span class='ocrx_word' id='word_1_284' title='bbox 942 3194 1040 3261; x_wconf 89' lang='lat' dir='ltr'><strong>verba,</strong></span> <span class='ocrx_word' id='word_1_285' title='bbox 1054 3191 1156 3264; x_wconf 88' lang='lat' dir='ltr'><strong>quibus</strong></span> 
     </span>
     <span class='ocr_line' id='line_1_36' title="bbox 93 3269 1154 3348; baseline -0.004 -17"><span class='ocrx_word' id='word_1_286' title='bbox 93 3270 185 3348; x_wconf 92' lang='lat' dir='ltr'><strong>primo</strong></span> <span class='ocrx_word' id='word_1_287' title='bbox 207 3272 387 3346; x_wconf 89' lang='lat' dir='ltr'><strong>significatus</strong></span> <span class='ocrx_word' id='word_1_288' title='bbox 410 3273 473 3342; x_wconf 84' lang='lat' dir='ltr'><strong>luit,</strong></span> <span class='ocrx_word' id='word_1_289' title='bbox 495 3271 599 3348; x_wconf 83' lang='lat' dir='ltr'><strong>saepius</strong></span> <span class='ocrx_word' id='word_1_290' title='bbox 619 3276 731 3329; x_wconf 89' lang='lat' dir='ltr'><strong>mutata</strong></span> <span class='ocrx_word' id='word_1_291' title='bbox 750 3271 838 3329; x_wconf 86' lang='lat' dir='ltr'><strong>fuisse</strong></span> <span class='ocrx_word' id='word_1_292' title='bbox 859 3276 1067 3346; x_wconf 89' lang='lat' dir='ltr'><strong>supponantur.</strong></span> <span class='ocrx_word' id='word_1_293' title='bbox 1081 3269 1154 3327; x_wconf 87' lang='lat' dir='ltr'><strong>Nam</strong></span> 
     </span>
     <span class='ocr_line' id='line_1_37' title="bbox 93 3349 1156 3428; baseline -0.005 -17"><span class='ocrx_word' id='word_1_294' title='bbox 93 3353 156 3423; x_wconf 91' lang='lat' dir='ltr'><strong>hoc,</strong></span> <span class='ocrx_word' id='word_1_295' title='bbox 179 3358 212 3410; x_wconf 92' lang='lat' dir='ltr'><strong>ut</strong></span> <span class='ocrx_word' id='word_1_296' title='bbox 223 3352 356 3423; x_wconf 82' lang='lat' dir='ltr'><strong>diximus,</strong></span> <span class='ocrx_word' id='word_1_297' title='bbox 368 3352 440 3410; x_wconf 92' lang='lat' dir='ltr'><strong>nihil</strong></span> <span class='ocrx_word' id='word_1_298' title='bbox 452 3352 609 3428; x_wconf 85' lang='lat' dir='ltr'><strong>Scripturas</strong></span> <span class='ocrx_word' id='word_1_299' title='bbox 621 3350 766 3409; x_wconf 86' lang='lat' dir='ltr'><strong>divinitati</strong></span> <span class='ocrx_word' id='word_1_300' title='bbox 776 3351 917 3421; x_wconf 91' lang='lat' dir='ltr'><strong>detrahit;</strong></span> <span class='ocrx_word' id='word_1_301' title='bbox 929 3370 997 3408; x_wconf 90' lang='lat' dir='ltr'><strong>nam</strong></span> <span class='ocrx_word' id='word_1_302' title='bbox 1009 3349 1156 3424; x_wconf 89' lang='lat' dir='ltr'><strong>Scriptura</strong></span> 
     </span>
     <span class='ocr_line' id='line_1_38' title="bbox 93 3429 1154 3509; baseline -0.006 -17"><span class='ocrx_word' id='word_1_303' title='bbox 93 3453 175 3509; x_wconf 85' lang='lat' dir='ltr'><strong>aeque</strong></span> <span class='ocrx_word' id='word_1_304' title='bbox 196 3433 294 3491; x_wconf 89' lang='lat' dir='ltr'><strong>divina</strong></span> <span class='ocrx_word' id='word_1_305' title='bbox 315 3436 400 3502; x_wconf 90' lang='lat' dir='ltr'><strong>esset,</strong></span> <span class='ocrx_word' id='word_1_306' title='bbox 423 3433 477 3490; x_wconf 88' lang='lat' dir='ltr'><strong>etsi</strong></span> <span class='ocrx_word' id='word_1_307' title='bbox 497 3432 562 3490; x_wconf 87' lang='lat' dir='ltr'><strong>aliis</strong></span> <span class='ocrx_word' id='word_1_308' title='bbox 582 3433 678 3491; x_wconf 88' lang='lat' dir='ltr'><strong>verbis</strong></span> <span class='ocrx_word' id='word_1_309' title='bbox 689 3436 740 3490; x_wconf 91' lang='lat' dir='ltr'><strong>aut</strong></span> <span class='ocrx_word' id='word_1_310' title='bbox 750 3431 806 3490; x_wconf 89' lang='lat' dir='ltr'><strong>alia</strong></span> <span class='ocrx_word' id='word_1_311' title='bbox 816 3431 917 3506; x_wconf 88' lang='lat' dir='ltr'><strong>lingua</strong></span> <span class='ocrx_word' id='word_1_312' title='bbox 927 3430 1035 3506; x_wconf 90' lang='lat' dir='ltr'><strong>scripta</strong></span> <span class='ocrx_word' id='word_1_313' title='bbox 1045 3429 1154 3487; x_wconf 76' lang='lat' dir='ltr'><strong>fuisset.</strong></span> 
     </span>
     <span class='ocr_line' id='line_1_39' title="bbox 95 3509 1154 3589; baseline -0.003 -18"><span class='ocrx_word' id='word_1_314' title='bbox 95 3512 176 3583; x_wconf 83' lang='lat' dir='ltr'><strong>Quod</strong></span> <span class='ocrx_word' id='word_1_315' title='bbox 197 3512 296 3589; x_wconf 91' lang='lat' dir='ltr'><strong>itaque</strong></span> <span class='ocrx_word' id='word_1_316' title='bbox 317 3514 410 3588; x_wconf 89' lang='lat' dir='ltr'><strong>legem</strong></span> <span class='ocrx_word' id='word_1_317' title='bbox 433 3513 558 3571; x_wconf 90' lang='lat' dir='ltr'><strong>divinam</strong></span> <span class='ocrx_word' id='word_1_318' title='bbox 578 3514 634 3571; x_wconf 91' lang='lat' dir='ltr'><strong>hac</strong></span> <span class='ocrx_word' id='word_1_319' title='bbox 650 3513 763 3570; x_wconf 89' lang='lat' dir='ltr'><strong>ratione</strong></span> <span class='ocrx_word' id='word_1_320' title='bbox 779 3511 974 3587; x_wconf 89' lang='lat' dir='ltr'><strong>incorruptam</strong></span> <span class='ocrx_word' id='word_1_321' title='bbox 986 3509 1154 3586; x_wconf 86' lang='lat' dir='ltr'><strong>accepimus,</strong></span> 
     </span>
     <span class='ocr_line' id='line_1_40' title="bbox 93 3590 1156 3668; baseline -0.003 -17"><span class='ocrx_word' id='word_1_322' title='bbox 93 3612 177 3651; x_wconf 91' lang='lat' dir='ltr'><strong>nemo</strong></span> <span class='ocrx_word' id='word_1_323' title='bbox 216 3593 347 3651; x_wconf 86' lang='lat' dir='ltr'><strong>dubitare</strong></span> <span class='ocrx_word' id='word_1_324' title='bbox 378 3597 483 3668; x_wconf 88' lang='lat' dir='ltr'><strong>potest.</strong></span> <span class='ocrx_word' id='word_1_325' title='bbox 514 3593 588 3651; x_wconf 91' lang='lat' dir='ltr'><strong>Nam</strong></span> <span class='ocrx_word' id='word_1_326' title='bbox 619 3613 656 3650; x_wconf 83' lang='lat' dir='ltr'><strong>ex</strong></span> <span class='ocrx_word' id='word_1_327' title='bbox 685 3592 749 3667; x_wconf 89' lang='lat' dir='ltr'><strong>ipsa</strong></span> <span class='ocrx_word' id='word_1_328' title='bbox 779 3590 928 3668; x_wconf 90' lang='lat' dir='ltr'><strong>Scriptura</strong></span> <span class='ocrx_word' id='word_1_329' title='bbox 958 3593 1067 3666; x_wconf 90' lang='lat' dir='ltr'><strong>absque</strong></span> <span class='ocrx_word' id='word_1_330' title='bbox 1097 3591 1156 3648; x_wconf 90' lang='lat' dir='ltr'><strong>ulla</strong></span> 
     </span>
     <span class='ocr_line' id='line_1_41' title="bbox 95 3671 1154 3748; baseline -0.002 -18"><span class='ocrx_word' id='word_1_331' title='bbox 95 3672 264 3732; x_wconf 84' lang='lat' dir='ltr'><strong>difficultate</strong></span> <span class='ocrx_word' id='word_1_332' title='bbox 304 3678 333 3731; x_wconf 91' lang='lat' dir='ltr'><strong>et</strong></span> <span class='ocrx_word' id='word_1_333' title='bbox 371 3671 561 3748; x_wconf 86' lang='lat' dir='ltr'><strong>ambiguitate</strong></span> <span class='ocrx_word' id='word_1_334' title='bbox 594 3672 776 3748; x_wconf 86' lang='lat' dir='ltr'><strong>percipimus,</strong></span> <span class='ocrx_word' id='word_1_335' title='bbox 815 3673 877 3747; x_wconf 89' lang='lat' dir='ltr'><strong>ejus</strong></span> <span class='ocrx_word' id='word_1_336' title='bbox 913 3692 1052 3730; x_wconf 89' lang='lat' dir='ltr'><strong>summam</strong></span> <span class='ocrx_word' id='word_1_337' title='bbox 1084 3691 1154 3740; x_wconf 88' lang='lat' dir='ltr'><strong>esse,</strong></span> 
     </span>
     <span class='ocr_line' id='line_1_42' title="bbox 94 3752 1154 3829; baseline -0.002 -19"><span class='ocrx_word' id='word_1_338' title='bbox 94 3754 186 3812; x_wconf 92' lang='lat' dir='ltr'><strong>Deum</strong></span> <span class='ocrx_word' id='word_1_339' title='bbox 218 3773 306 3829; x_wconf 86' lang='lat' dir='ltr'><strong>supra</strong></span> <span class='ocrx_word' id='word_1_340' title='bbox 337 3754 433 3811; x_wconf 88' lang='lat' dir='ltr'><strong>omnia</strong></span> <span class='ocrx_word' id='word_1_341' title='bbox 463 3773 568 3824; x_wconf 89' lang='lat' dir='ltr'><strong>amare,</strong></span> <span class='ocrx_word' id='word_1_342' title='bbox 601 3759 631 3812; x_wconf 90' lang='lat' dir='ltr'><strong>et</strong></span> <span class='ocrx_word' id='word_1_343' title='bbox 654 3752 815 3828; x_wconf 85' lang='lat' dir='ltr'><strong>proximum</strong></span> <span class='ocrx_word' id='word_1_344' title='bbox 836 3758 974 3827; x_wconf 90' lang='lat' dir='ltr'><strong>tanquam</strong></span> <span class='ocrx_word' id='word_1_345' title='bbox 995 3772 1026 3810; x_wconf 91' lang='grc'><strong>11</strong></span> <span class='ocrx_word' id='word_1_346' title='bbox 1046 3752 1154 3826; x_wconf 88' lang='lat' dir='ltr'><strong>ipsum:</strong></span> 
     </span>
     <span class='ocr_line' id='line_1_43' title="bbox 94 3832 1156 3908; baseline -0.003 -18"><span class='ocrx_word' id='word_1_347' title='bbox 94 3833 174 3908; x_wconf 91' lang='lat' dir='ltr'><strong>atqui</strong></span> <span class='ocrx_word' id='word_1_348' title='bbox 205 3835 260 3892; x_wconf 90' lang='lat' dir='ltr'><strong>hoc</strong></span> <span class='ocrx_word' id='word_1_349' title='bbox 290 3833 463 3892; x_wconf 90' lang='lat' dir='ltr'><strong>adulterium</strong></span> <span class='ocrx_word' id='word_1_350' title='bbox 495 3853 557 3891; x_wconf 90' lang='lat' dir='ltr'><strong>esse</strong></span> <span class='ocrx_word' id='word_1_351' title='bbox 588 3853 645 3892; x_wconf 91' lang='lat' dir='ltr'><strong>non</strong></span> <span class='ocrx_word' id='word_1_352' title='bbox 676 3836 780 3908; x_wconf 89' lang='lat' dir='ltr'><strong>potest,</strong></span> <span class='ocrx_word' id='word_1_353' title='bbox 813 3852 866 3891; x_wconf 92' lang='lat' dir='ltr'><strong>nec</strong></span> <span class='ocrx_word' id='word_1_354' title='bbox 897 3853 915 3890; x_wconf 92' lang='lat' dir='ltr'><strong>a</strong></span> <span class='ocrx_word' id='word_1_355' title='bbox 945 3832 1101 3890; x_wconf 86' lang='lat' dir='ltr'><strong>festinante</strong></span> <span class='ocrx_word' id='word_1_356' title='bbox 1127 3836 1156 3888; x_wconf 90' lang='lat' dir='ltr'><strong>et</strong></span> 
     </span>
    </p>
   </div>
   <div class='ocr_carea' id='block_1_7' title="bbox 0 0 1346 4298">
    <p class='ocr_par' dir='ltr' id='par_1_8' title="bbox 0 0 1346 4298">
     <span class='ocr_line' id='line_1_44' title="bbox 0 0 1346 4298; baseline 0 0"><span class='ocrx_word' id='word_1_357' title='bbox 0 0 1346 4298; x_wconf 95' lang='lat' dir='ltr'><strong> </strong></span> 
     </span>
    </p>
   </div>
  </div>
 </body>
</html>
