2662 4298
395 368 714 408 reposceres-romum
734 369 798 408 our.
820 369 849 407 x.
1115 352 1151 408 81

86 534 163 592 simae
184 535 310 595 fuerunt.
332 535 405 593 Nam
426 535 558 594 Ezechiel
579 555 641 610 cap.
666 536 711 594 14.
734 555 777 594 vs.
801 536 848 594 14.
869 533 885 566 *
903 556 968 594 eum
985 536 1061 595 inter
1078 536 1149 596 alios

86 615 228 673 nominat:
261 619 348 692 atque
372 616 448 674 hanc
468 615 536 674 Jobi
556 615 666 674 variam
686 617 833 674 fortunam
854 620 884 674 ct
904 615 992 674 animi
1013 623 1148 676 constan-

86 697 155 753 tiam
176 695 273 754 multis
293 695 472 755 occasionem
493 696 604 755 dedisse
625 697 710 754 credo
731 697 766 754 de
787 696 840 754 Dei
861 696 1148 774 providentiadispu·

85 776 174 846 tandi,
206 777 253 834 vel
267 774 269 778 ’
284 777 385 834 saltem
416 777 532 834 authori
562 777 648 852 hujus
677 776 743 834 libri
770 775 923 852 Dialogum
945 778 1148 853 componendi:

85 876 151 914 nam
183 876 247 932 quae
279 857 309 914 in
341 876 374 914 eo
406 857 598 927 continentur,
630 860 664 914 ut
684 856 771 914 etiarn
792 857 894 932 stylus,
917 876 975 915 non
995 858 1051 916 viri
1071 858 1148 916 inter

84 936 195 994 eineres
222 936 325 995 misere
356 937 534 1012 aegrotantis,
566 938 616 995 sed
651 936 741 995 otiose
775 935 805 994 in
840 957 946 996 musaeo
980 938 1148 997 meditantis

84 1017 227 1075 videntur.
259 1017 296 1075 llt
326 1017 374 1075 hic
404 1037 468 1075 cum
489 1018 574 1075 Aben
594 1018 690 1075 chra
711 1017 865 1088 crederem,
887 1018 964 1076 hunc
985 1018 1089 1077 librum
1111 1039 1147 1077 ex

83 1097 140 1155 alia
171 1097 270 1171 lingua
301 1098 473 1156 translatum
504 1097 601 1168 fuisse,
624 1097 691 1172 quia
712 1095 869 1156 Gentilium
890 1098 991 1173 poesin
1011 1100 1147 1157 affectare

83 1177 212 1235 videtur:
245 1179 369 1235 Deorum
401 1197 524 1253 namque
557 1179 645 1236 Pater
676 1177 720 1235 bis
750 1177 902 1235 concilium
936 1184 1085 1250 convocet,
1118 1185 1148 1237 et

84 1259 204 1327 Momus,
252 1257 301 1332 qui
344 1259 390 1316 hic
432 1258 522 1316 Satan
563 1261 693 1329 vocator,
735 1257 790 1315 Dei
824 1257 900 1316 dicta
938 1278 1049 1317 sumina
1083 1279 1146 1317 cum

81 1338 214 1396 libertate
240 1338 341 1413 carpit,
363 1342 427 1410 etc,
449 1339 500 1396 sed
521 1339 582 1397 haee
601 1357 688 1396 merae
710 1338 882 1413 conjecturae
904 1342 981 1407 sunt,
1004 1358 1056 1396 nec
1077 1340 1148 1397 setis

83 1419 180 1476 firmae.

123 1499 250 1556 Transeo
270 1499 307 1556 ad
327 1498 455 1556 Danielis
475 1498 594 1570 librum;
618 1497 664 1556 hic
684 1497 746 1556 sine
768 1497 853 1556 dubio
874 1519 911 1556 ex
932 1518 994 1574 cap.
1014 1499 1043 1556 8.
1058 1499 1148 1575 ipsius

83 1579 209 1637 Danielis
229 1578 338 1653 scripta
359 1578 496 1637 continet.
517 1579 667 1637 Undenam
689 1583 784 1637 autem
805 1578 903 1654 priore
924 1587 1033 1654 septem
1052 1580 1148 1655 capita

82 1658 226 1735 descripta
255 1659 373 1729 fuerint,
406 1659 510 1717 nescio.
542 1660 699 1717 Possumus
729 1658 879 1733 suspicari,
916 1660 1146 1735 quandoquidem

81 1744 188 1814 praeter
209 1739 332 1814 primum
353 1738 505 1797 Chaldaice
527 1739 634 1814 scripta
656 1743 732 1808 sunt,
755 1758 792 1796 ex
807 1738 1007 1798 Chaldaeorum
1021 1739 1146 1799 Chrono-

81 1820 173 1894 logiis.
197 1820 279 1889 Quod
293 1819 318 1876 si
333 1820 409 1893 clare
420 1823 576 1890 constaret,
586 1819 842 1878 luculentissimum
854 1825 931 1878 esset
941 1821 1145 1890 testimonium,

83 1901 157 1958 unde
192 1899 381 1970 evinceretur,
417 1899 593 1976 Scripturam
626 1904 746 1958 eatenus
779 1903 893 1958 tantum
928 1920 990 1959 esse
1025 1921 1145 1969 sacram,

82 1985 225 2056 quatenus
254 1999 306 2055 per
336 1978 428 2055 ipsam
459 1980 647 2054 intelligimus
667 2000 715 2038 res
735 1980 765 2037 in
787 1980 886 2038 eadem
908 1981 1095 2055 significatas,
1117 1988 1148 2039 at

72 2080 140 2118 ,non
171 2065 313 2136 quatenus
343 2062 433 2118 verba
464 2061 525 2118 sive
555 2060 683 2135 linguam
715 2066 744 2118 et
775 2059 929 2129 orationes,
965 2061 1068 2136 quibus
1102 2081 1148 2119 res

82 2141 290 2215 significantur,
318 2139 518 2214 intelligimus:
550 2145 580 2198 et
603 2145 746 2216 praeterea
766 2140 863 2210 libros,
886 2141 934 2215 qui
956 2161 1003 2198 res
1024 2142 1148 2216 optimas
1218 2206 1226 2219 ,
1262 2127 1270 2140 ,

82 2223 185 2279 docent
215 2227 244 2279 et
274 2225 404 2289 narrant,
437 2240 607 2296 quacunque
637 2221 750 2278 demum
779 2221 880 2296 lingua
901 2227 930 2279 et
947 2241 1147 2297 aquacuuque

82 2302 198 2359 natione
229 2301 330 2376 scripti
363 2300 479 2365 fuerint,
513 2320 595 2376 aeque
626 2320 724 2359 sacros
748 2321 818 2359 esse.
841 2302 905 2359 Hoc
927 2307 1024 2359 tamen
1046 2306 1147 2360 notare

82 2383 181 2440 saltem
213 2401 373 2457 possumne,
402 2383 464 2440 haec
484 2381 580 2456 capita
601 2381 755 2439 Chaldaice
777 2381 885 2457 scripta
906 2401 976 2452 esse,
997 2386 1026 2439 et
1048 2382 1147 2440 nihilo·

82 2462 175 2520 minus
196 2481 277 2537 ecque
297 2481 380 2519 sacra
401 2481 463 2519 esse
488 2481 522 2519 ac
540 2461 650 2536 reliqua
671 2461 837 2520 Bibliorum.

122 2543 197 2600 Huic
228 2545 324 2600 autem
354 2541 483 2600 Danielis
506 2541 579 2601 libro
600 2542 710 2618 primus
730 2543 835 2600 Hezrae
856 2543 899 2600 ita
918 2543 1092 2611 annectitur,
1115 2548 1148 2601 ut

81 2623 165 2681 facile
185 2623 380 2696 dignoscatur,
403 2623 524 2680 eundem
546 2623 720 2698 Scriptorem
743 2642 814 2692 esse,
837 2623 885 2696 qui
910 2643 957 2680 res
978 2623 1146 2681 Judaeorurn

82 2724 99 2759 a
129 2703 223 2778 prima
253 2703 422 2778 captivitate
456 2705 617 2761 successive
650 2722 769 2760 narrare
804 2704 909 2778 pergit.
951 2704 1049 2778 Atque
1081 2704 1147 2761 huic

81 2803 139 2841 non
170 2783 268 2841 dubito
300 2783 416 2841 annecti
447 2782 550 2841 librum
581 2783 681 2852 Ester3
717 2802 783 2840 narn
819 2783 993 2859 cunjunctio,
1032 2803 1089 2859 qua
1122 2785 1147 2841 is

80 2864 153 2921 liber
181 2862 290 2939 incipit,
323 2865 358 2921 ad
389 2863 497 2922 nullum
527 2863 613 2920 aliurn
635 2863 737 2921 referri
756 2868 860 2938 potest.
892 2863 952 2922 Nec
972 2864 1146 2922 credendum

80 2948 132 3014 cst,
156 2963 220 3001 eum
241 2944 362 3001 eundem
383 2963 453 3013 esse,
477 2962 560 3018 quem
580 2943 782 3001 Mardochaeus
803 2943 934 3018 scripsit;
956 2963 1022 3002 nam
1043 2964 1105 3019 cap.
1118 2947 1144 3003 9.

81 3044 156 3082 vcrs.
188 3025 235 3093 20,
269 3024 316 3091 21,
360 3025 540 3090 22..uarrat
571 3023 645 3080 alter
679 3023 714 3080 de
748 3023 810 3098 ipso
842 3025 1035 3095 Mardochaeo,
1071 3026 1146 3099 quod

81 3105 217 3179 epistolas
246 3103 401 3179 scripserit,
429 3109 459 3160 ct
480 3102 547 3179 quid
567 3103 622 3161 illae
643 3102 854 3162 continuerint:
877 3104 979 3163 deinde
998 3124 1074 3162 vere.
1098 3107 1145 3164 31.

81 3186 207 3260 ejusdem
239 3204 311 3259 cap,
344 3184 420 3259 quod
454 3183 556 3257 regina
589 3183 675 3241 Ester
708 3183 800 3241 edicto
834 3184 995 3243 firmaverit
1029 3204 1076 3243 res
1110 3187 1146 3243 ad

80 3266 184 3324 festum
216 3263 342 3323 Sortium
375 3264 495 3338 (Purim)
526 3263 713 3340 pertinentes,
745 3267 774 3320 et
802 3264 878 3338 quod
898 3264 1037 3340 scriptum
1059 3266 1147 3323 fuerit

80 3345 110 3403 in
142 3345 225 3415 libre,
258 3346 312 3402 hoc
343 3350 386 3403 est
418 3349 463 3415 (ut
492 3343 636 3403 Hebraice
661 3348 755 3402 sonatl
785 3343 815 3401 in
836 3343 909 3402 libro
931 3344 1064 3403 omnibus
1084 3349 1146 3403 tum

79 3425 217 3501 temporis
248 3427 317 3500 (quo
349 3426 410 3484 haec
441 3424 550 3483 scilicet
580 3424 689 3500 scripta
720 3428 797 3494 sunt)
830 3428 915 3482 noto:
953 3428 1039 3499 atque
1070 3426 1148 3484 hunc

79 3507 188 3564 fatetur
209 3507 294 3564 Aben
314 3506 419 3575 Hezre,
441 3508 471 3563 et
494 3524 593 3563 omnes
613 3504 699 3562 fateri
708 3508 854 3572 tenentur,
866 3524 930 3562 cum
942 3504 1006 3563 aliis
1017 3505 1146 3581 periisse.

80 3586 210 3661 Denique
251 3584 361 3660 reliqua
401 3584 577 3643 Mardochaei
620 3586 710 3643 refert
741 3583 905 3642 Historicus
935 3585 972 3642 ed
1004 3585 1148 3643 Chronica

80 3667 193 3741 Regum
224 3667 386 3725 Persarum.
419 3665 514 3736 Quare
545 3684 603 3722 non
625 3664 814 3724 dubitandum
836 3668 890 3735 est,
913 3664 983 3740 quin
1005 3665 1053 3724 hic
1074 3665 1149 3723 liber

113 3842 123 3860 ·
141 3844 188 3889 ne.
205 3845 259 3889 Pa:
278 3843 314 3888 re.

123 3923 163 3981 ΙΙ.
1012 3922 1029 3978 6
