2662 4298
536 365 675 405 EPIS'I'OLA
695 367 805 408 LXVIII.

290 699 305 718 ⁸
385 615 601 672 Erusrona
622 613 749 671 LXVIII
772 615 864 686 (oum
880 621 960 693 xrx).

401 747 470 806 Viro
493 747 677 805 Nobilissimo
697 766 733 805 ac
754 749 949 811 Doctae-aimo

332 880 567 939 HENRIOO
600 880 1015 946 OLDENBURGIO

593 1015 627 1072 B.
648 1033 676 1072 o.
699 1014 728 1072 S.

398 1148 553 1222 Responau'o
576 1149 615 1206 ad
636 1148 797 1222 Epistolam
824 1152 939 1213 LXII.

247 1282 427 1340 Nobilissimc
448 1288 472 1338 ct
496 1281 662 1340 Clarissimo
682 1281 816 1353 Domitio,

165 1416 207 1473 Eo
228 1420 365 1489 tempore,
388 1433 443 1488 quo
464 1412 564 1490 lilerus
584 1417 651 1471 tuas
665 1413 712 1470 22.
728 1411 802 1470 Julii
817 1418 941 1494 accepi,
960 1423 1194 1483 Amstelaedamuu

125 1497 273 1571 profectus
304 1514 366 1552 sum
398 1513 432 1551 co
465 1493 593 1560 consilio,
615 1497 648 1550 ut
667 1491 782 1558 librum,
805 1495 846 1552 de
871 1518 937 1572 quo
962 1501 1023 1560 tibi
1046 1505 1195 1580 scripseram,

125 1575 203 1650 typis
235 1575 411 1633 mandarem.
442 1573 525 1643 Quod
549 1572 616 1630 dum
637 1572 726 1646 agito,
747 1593 853 1633 rumor
877 1579 1001 1655 ubique
1024 1587 1195 1660 spargebatur,

125 1655 230 1713 librum
262 1655 404 1728 quendam
436 1673 530 1711 meum
561 1654 598 1710 de
629 1653 689 1711 Deo
722 1655 775 1711 sub
797 1657 898 1728 praelo
922 1662 1054 1736 sudare,
1077 1663 1195 1740 mequeiu

125 1754 159 1792 eo
190 1734 288 1792 conari
318 1735 478 1804 ostendere,
507 1733 617 1791 nullum
639 1732 701 1790 dari
721 1733 832 1804 Deum3
859 1738 917 1812 qui
941 1742 1073 1816 quidem
1093 1763 1196 1804 rumora

125 1813 256 1890 plurimis
270 1813 473 1889 accipiebatur.
491 1814 576 1872 Unde
590 1813 708 1891 quidam
723 1814 869 1890 Theologi
887 1819 1002 1896 (hujus
1014 1824 1095 1884 forte
1105 1823 1196 1884 rumori

125 1893 269 1970 auctores)
302 1893 480 1952 occasionem
513 1913 615 1968 cepere
646 1894 682 1951 de
712 1913 758 1952 me
779 1914 883 1954 coram
907 1899 1062 1980 Principe
1083 1911 1112 1965 et
1129 1904 1196 1979 liegi-

127 1974 267 2033 stratibus
302 1973 511 2050 conquerendi;
544 1973 640 2032 stolidi
671 1978 815 2048 praeterea
848 1976 1045 2056 Cartesiani,
1070 1986 1133 2062 quia
1148 1983 1197 2044 nili

125 2057 224 2114 favere
256 2056 422 2126 creduntur,
454 2064 486 2112 ut
519 2074 588 2112 ase
609 2055 685 2112 hanc
706 2062 880 2114 amoverent
903 2063 1123 2138 suspicionem,
1141 2082 1198 2124 meae

125 2136 233 2212 ubique
254 2135 403 2210 opiniones
425 2139 455 2192 et
475 2134 584 2209 scripta
605 2133 744 2192 detestari
765 2155 824 2192 non
845 2143 1032 2210 cessabant,
1056 2167 1110 2205 nec
1124 2147 1198 2205 etian-

126 2237 194 2274 num
224 2221 347 2274 cessant.
375 2216 448 2272 Haec
476 2234 540 2272 oum
566 2235 583 2271 a
606 2214 682 2272 VIris
703 2214 876 2288 quibusdam
900 2220 963 2279 fide
989 2225 1095 2300 dignis
1115 2227 1197 2285 intelle

125 2297 240 2366 xissem,
263 2297 312 2371 qui
334 2295 417 2353 simul
439 2296 632 2364 affirmabant,
657 2295 819 2369 Theologos
840 2297 916 2356 mihi
940 2304 1061 2379 ubique
1083 2305 1197 2373 insidiari,

125 2377 288 2447 editionem,
312 2397 398 2452 quam
410 2378 558 2450 parabam,
572 2375 686 2432 differre
697 2376 797 2445 statui,
810 2377 913 2448 donec,
928 2401 994 2456 quo
1010 2406 1062 2444 res
1075 2389 1198 2449 evaderet,

125 2458 261 2525 viderem,
297 2462 334 2525 ct,
373 2457 448 2532 quod
490 2460 551 2512 tum
587 2455 735 2514 consilium
771 2476 920 2530 sequerer,
955 2463 1018 2521 tibi
1056 2468 1200 2543 significare

126 2537 270 2611 proposui.
304 2538 412 2594 Verum
445 2535 593 2610 negotIum
626 2536 803 2610 quotidiam
825 2538 912 2612 pejus
935 2561 1073 2618 vergere
1095 2548 1200 2612 videtur,

127 2622 164 2685 et,
197 2616 265 2690 quid
296 2620 394 2672 tamen
425 2636 520 2690 agam,
552 2616 680 2673 incertus
716 2636 788 2674 sum.
816 2618 942 2677 Interim
965 2642 1073 2685 meam
1095 2630 1132 2686 ad
1150 2634 1202 2685 tuas

124 2696 224 2753 literas
256 2695 470 2769 responsionem
502 2696 609 2754 diutius
640 2696 833 2754 intermittere
865 2700 964 2773 nolui;
992 2711 1027 2763 et
1051 2709 1144 2783 prim0
1163 2709 1195 2765 tib

126 2775 267 2832 maximas
300 2795 355 2849 ago
388 2776 498 2850 gratias
530 2796 582 2850 pro
614 2777 785 2834 amicissima
816 2782 868 2835 tua
888 2781 1114 2856 admonitione,
1136 2789 1204 2863 cujus

125 2861 222 2913 tamen
244 2855 410 2931 ampliorem
432 2856 651 2931 explicationem
674 2857 813 2925 desidero,
836 2862 870 2914 ut
890 2860 996 2933 sciam,
1023 2886 1162 2941 quaenam
1180 2887 1206 2926 ea

126 2939 262 3012 dogmata
284 2957 346 2995 esse
368 2939 478 3009 credaS,
502 2958 567 3013 quae
590 2937 732 3012 religiosae
754 2937 872 2995 virtutis
893 2943 1009 3013 praxim
1034 2948 1207 3008 labefactare

127 3019 301 3077 viderentur,
333 3018 407 3075 Nam
439 3038 503 3092 quae
535 3017 606 3075 mihi
634 3038 697 3075 cum
725 3018 848 3076 Ratione
875 3024 1044 3084 convenire
1068 3030 1206 3094 videntur,

126 3100 226 3156 eadem
259 3100 295 3156 ad
318 3098 454 3155 virtutem
476 3098 600 3155 maxime
622 3118 684 3156 esse
706 3097 788 3156 utilia
809 3099 905 3157 crede.
925 3101 1062 3177 Deinde,
1087 3111 1144 3168 nisi
1164 3108 1208 3168 tibi

128 3179 278 3236 molestum
305 3179 351 3245 sit,
374 3178 468 3248 velim,
492 3183 524 3235 ut
545 3179 607 3235 loca
628 3179 782 3236 Tractatus
804 3180 1128 3262 TheologIcopolitici,
1152 3210 1208 3267 qua

128 3259 197 3316 viris
219 3258 311 3316 doctis
332 3259 497 3332 scrupulum
519 3258 689 3333 injecerunt,
711 3259 781 3315 mihi
802 3258 955 3319 indicares.
974 3263 1076 3342 Cupio
1090 3290 1209 3346 namque

126 3338 211 3396 istum
240 3340 407 3396 Tractatum
429 3338 505 3395 notis
526 3339 696 3413 quibusdam
718 3339 871 3410 illustrare,
895 3345 924 3397 et
947 3356 1102 3423 concepta
1125 3353 1161 3410 de
1181 3371 1210 3409 eo

126 3418 301 3493 praejudicia,
323 3418 347 3476 si
368 3417 431 3475 fieri
452 3418 551 3491 possit,
573 3419 682 3477 tollere.
706 3420 786 3478 Vale.
