2662 4298
542 363 681 402 nrrsroun
702 364 785 403 xour.
1142 339 1199 405 3‘51

124 610 373 686 disputationibus
387 612 429 683 fit,
443 611 507 669 ideo
524 609 576 667 vix
591 629 663 667 arne
674 609 830 685 impetrare
840 609 930 685 potui,
944 615 976 669 ut
987 613 1199 687 responderem,

130 711 183 749 nec
213 690 370 766 impetrare
402 691 569 766 potuissem,
597 689 653 747 nisi
674 689 879 765 promisissem.
900 691 983 760 Vale,
1005 695 1035 749 et
1056 696 1115 750 tuae
1136 712 1203 768 pru·

126 770 237 829 dentiae
259 772 336 829 hanc
357 771 508 846 epistolam
529 769 685 840 committo,
708 789 819 844 meque,
842 769 891 845 qui
906 790 983 842 sum,
1006 776 1061 830 etc.

397 1091 450 1148 ΕΡ
461 1110 472 1148 1
485 1109 499 1148 s
511 1110 527 1147 r
539 1109 555 1147 o
567 1110 583 1148 r.
594 1109 615 1148 a
636 1091 732 1147 XLIV
755 1095 832 1160 (omn
849 1095 937 1160 mvn).

364 1223 432 1281 Viro
455 1223 675 1282 Haimonissimo
698 1243 732 1281 ac
753 1225 981 1282 Prudentissirno

460 1355 659 1415 JARIGH
680 1357 869 1415 JELLES

595 1491 628 1549 B.
651 1511 680 1550 n.
702 1491 731 1550 S.

594 1624 696 1683 Versio
712 1628 736 1685 *.

291 1756 507 1815 Hilrnonissime
536 1759 597 1828 Vir,

173 1891 266 1960 Quum
299 1909 344 1948 me
376 1910 469 1966 nuper
499 1891 649 1949 Professor
673 1891 708 1950 N.
738 1888 774 1950 N.
801 1891 950 1961 inviseret,
972 1893 1111 1949 narrabat
1131 1890 1203 1949 mihi

129 1971 208 2028 inter
228 1970 294 2041 alia,
317 1989 349 2028 se
370 1970 493 2041 audisse,
515 1971 685 2029 Tractatum
706 1990 800 2029 meum
821 1970 1161 2045 Theologico-Politicum
1172 1970 1203 2028 in

131 2051 260 2125 linguam
292 2049 440 2124 Belgicam
467 2051 641 2109 translatum
671 2069 742 2120 esse,
765 2051 971 2126 sequendam,
993 2051 1076 2126 cujus
1098 2070 1203 2109 nomen

130 2131 294 2206 ignorabat,
327 2130 358 2187 in
386 2150 419 2188 eo
448 2150 520 2200 esse,
542 2134 575 2188 ut
594 2123 816 2206 imprimeretur.
840 2131 1031 2200 Quamobrem
1053 2130 1129 2188 serio
1151 2133 1203 2188 abs

129 2216 160 2268 te
181 2215 258 2286 peto,
280 2214 313 2268 ut
333 2210 365 2268 in
385 2210 440 2269 hoc
460 2210 610 2285 negotium
631 2211 730 2268 sedulo
751 2210 891 2286 inquiras,
913 2215 951 2281 et,
974 2209 998 2269 si
1019 2210 1082 2268 fieri
1095 2213 1201 2285 potest,

132 2290 348 2366 impressionem
376 2289 525 2366 impedias.
547 2290 613 2349 Non
633 2292 725 2349 solum
746 2292 810 2349 haec
831 2310 903 2361 mea,
925 2291 976 2348 sed
997 2294 1027 2348 et
1046 2291 1202 2348 multorum

131 2391 260 2429 meorum
290 2370 458 2429 Amicorum
489 2374 679 2445 uotorumque
710 2375 754 2428 est
785 2371 895 2447 petitio,
928 2370 977 2446 qui
1008 2370 1094 2446 hujus
1121 2370 1203 2429 Libri

130 2450 317 2509 interdictum
342 2471 401 2508 non
425 2451 550 2509 libenter
570 2451 711 2521 viderent,
734 2451 972 2526 quemadmodum
993 2451 1093 2526 procul
1115 2450 1202 2508 dubio

130 2532 188 2605 fiet,
222 2531 246 2588 si
274 2530 392 2605 Belgico
420 2550 551 2589 sermone
571 2531 676 2606 prodit.
699 2531 763 2589 Non
785 2531 893 2602 dubito,
915 2531 985 2606 quin
1005 2531 1060 2589 hoc
1080 2530 1150 2588 mihi
1172 2536 1202 2590 et

129 2631 227 2669 causae
249 2610 289 2669 sis
310 2611 434 2669 officium
456 2611 596 2671 facturus.

174 2691 296 2760 Quidam
323 2691 490 2750 Amicorum
514 2696 583 2750 ante
603 2692 718 2767 aliquod
740 2696 854 2768 tempus
874 2691 1009 2764 libellum,
1031 2690 1078 2751 cui
1098 2690 1200 2750 titulus

131 2773 225 2829 Homo
257 2772 401 2843 Peliacae,
432 2771 503 2830 mihi
530 2772 617 2844 misit,
647 2773 682 2830 de
708 2793 764 2848 quo
786 2773 877 2830 multa
897 2772 1016 2831 auribus
1037 2773 1199 2831 hauseram.

132 2851 262 2909 Eundem
284 2851 388 2922 evolvi,
410 2851 579 2927 librumque,
601 2871 685 2927 quem
707 2852 836 2911 homines
857 2853 1022 2927 excogitare
1043 2856 1072 2910 et
1089 2852 1201 2926 fingere

133 2935 252 3006 queunt,
274 2930 546 3006 perniciosissimum
567 2932 751 3008 deprehendi.
774 2931 910 2991 Auctoris
931 2952 1073 2990 summum
1093 2933 1200 2989 bonurn

132 3014 200 3068 sunt
227 3011 360 3069 Honores
387 3015 417 3069 et
447 3012 532 3087 Opes
557 3012 593 3071 ad
615 3032 680 3088 quae
701 3032 782 3071 suam
803 3012 972 3070 Doctrinam
994 3011 1198 3084 accommodat,

130 3111 165 3149 ac
194 3109 227 3147 eo
257 3090 443 3165 perveniendi
464 3091 617 3150 Rationem
638 3097 797 3163 monstrat3
818 3111 930 3167 nempe,
951 3092 1065 3150 interne
1087 3111 1199 3149 omnem

130 3170 285 3245 rejiciendo
316 3170 503 3246 Religionem,
536 3177 566 3230 et
593 3177 713 3231 externe
740 3173 828 3230 talem
855 3172 1025 3248 profitendo,
1054 3190 1199 3246 quassum

131 3249 304 3326 promotioni
331 3251 456 3310 maxime
484 3251 622 3324 inservit3
651 3253 741 3310 Porro
762 3252 869 3310 nemini
889 3252 974 3310 fidem
995 3271 1121 3324 servare,
1144 3250 1200 3308 nisi

131 3336 274 3407 quatenus
302 3350 337 3389 ea
364 3331 518 3391 utilitatem
546 3353 627 3390 suam
655 3332 770 3390 habeat.
798 3331 950 3406 Reliquum
980 3332 1056 3407 quod
1077 3334 1199 3406 spectat,

131 3412 275 3483 simulare,
297 3411 466 3487 promittere
487 3416 517 3471 et
537 3411 685 3488 promissis
705 3433 764 3470 non
784 3416 871 3483 stare,
893 3411 1017 3485 mentiri,
1039 3411 1198 3487 perjurare,

131 3492 278 3567 multaque
309 3491 366 3550 alia
397 3492 515 3550 summis
547 3493 630 3550 effert
660 3493 802 3551 laudibus.
832 3492 905 3550 Haec
933 3490 982 3550 ubi
1002 3491 1198 3566 perlegissem,

131 3590 251 3642 mecum,
269 3575 302 3630 ut
316 3576 418 3630 contra
432 3572 510 3630 hunc
524 3576 670 3631 auctorem
684 3573 811 3631 libellum
825 3571 964 3630 indirecte
979 3571 1197 3643 conscriberem,

123 3651 303 3724 cogitabam,
324 3651 355 3710 in
376 3672 432 3727 quo
453 3653 600 3711 Summum
618 3653 729 3711 Bonum
744 3656 909 3724 tractarem,
925 3651 1027 3710 deinde
1040 3651 1198 3728 inquietam

163 3830 174 3855 *
190 3830 229 3875 Ab
247 3831 328 3877 amico
345 3831 456 3890 quodam
473 3831 548 3877 facta.
