2662 4298
415 352 729 393 'PHEOLOGmo-POLffleI
751 355 817 394 car.
837 354 910 393 xvu.
1145 333 1201 393 139

130 519 226 594 jussit,
258 523 288 577 et
312 538 356 578 -ex
385 520 445 578 solo
466 521 572 595 populo
594 521 739 579 exercitus
761 522 895 591 formare,
918 520 967 596 qui
988 540 1046 579 non
1067 521 1097 579 in
1118 522 1202 580 fidem

132 598 324 674 imperatoris,
366 619 420 658 nec
461 599 564 658 summi
598 600 752 676 pontificis,
784 601 835 659 sed
866 600 1026 675 Religionis
1056 601 1118 659 sive
1148 601 1203 660 Dei

129 681 285 754 jurabant3
318 679 367 754 qui
398 679 469 739 adeo
491 678 646 751 exereitus,
667 681 729 739 sive
751 681 866 739 ordines
886 682 941 739 Dei
962 684 1150 752 vocabantur,
1173 687 1202 740 et

132 761 211 818 Deus
236 764 337 818 contra
358 761 435 835 apud
456 761 598 819 Hebraeos
619 761 698 819 Deus
719 761 911 832 exercituum3
933 765 963 819 et
983 762 1038 819 hac
1059 762 1094 820 de
1115 781 1203 821 causa

131 860 201 898 arca
234 839 351 899 foederis
382 840 412 898 in
443 840 558 915 magnis
589 841 707 916 proeliis,
740 861 758 900 a
788 861 909 916 quorum
930 841 1093 900 discrimine
1113 842 1203 900 totius

130 919 230 995 populi
251 920 299 979 'vel
320 919 443 979 victoria
463 921 511 979 vel
532 921 628 979 clades
648 922 803 997 pendebat,
825 921 855 979 in
876 922 970 980 medio
992 921 1122 980 exercitu
1130 921 1201 992 ibat,

130 1005 164 1059 ut
195 1000 327 1076 populus,
359 1001 471 1075 Regem
504 1021 588 1059 suum
620 1001 703 1076 quasi
737 998 911 1077 praesentem
932 1001 1042 1073 videns,
1065 1002 1203 1060 extremis

130 1080 242 1139 viribus
270 1085 425 1156 pugnaret.
447 1081 494 1139 Ex
514 1081 560 1139 his
580 1101 598 1140 a
618 1083 700 1141 Mose
721 1081 934 1141 successoribus
954 1081 1100 1140 mandatis
1119 1082 1202 1140 facile

130 1159 302 1235 colligimus,
323 1160 418 1236 ipsum
432 1161 690 1235 administratores,
706 1182 765 1220 non
778 1168 875 1220 autem
886 1161 1080 1220 dominatores
1090 1161 1202 1238 imperii

130 1240 263 1316 elegisse.
292 1240 367 1299 Nam
388 1241 496 1298 nemini
513 1241 561 1318 jus
583 1242 670 1312 dedit,
691 1243 784 1301 Deum
805 1243 884 1303 solus
904 1247 934 1300 et
954 1242 1003 1300 ubi
1024 1242 1112 1300 vellet
1133 1262 1201 1301 con-

129 1321 261 1392 sulendi;
283 1325 312 1379 et
333 1325 543 1397 consequenter
564 1323 671 1380 nemini
692 1321 899 1381 authoritatem
921 1321 1009 1393 dedit,
1031 1341 1116 1396 quam
1140 1321 1202 1397 ipse

129 1403 266 1472 habebat,
289 1401 369 1475 leges
389 1401 537 1460 statuendi
557 1407 590 1460 et
607 1402 777 1476 abrogandi,
799 1403 834 1462 de
855 1402 929 1461 bello
951 1407 981 1460 et
1005 1421 1077 1477 pace
1098 1401 1201 1460 discer-

130 1481 229 1552 nendi,
252 1481 501 1540 administratores
522 1487 583 1540 tam
603 1483 703 1558 templi
724 1502 810 1558 quam
820 1482 971 1541 civitatum
982 1481 1201 1557 eligendi3quec

129 1561 228 1620 omnia
270 1561 373 1620 summi
413 1560 526 1638 imperii
565 1563 692 1621 tenentis
726 1562 820 1622 officia
851 1567 928 1622 sunt.
961 1562 1094 1621 Summus
1125 1562 1201 1620 enim

128 1641 268 1700 Pontifex
307 1642 355 1717 jus
396 1642 510 1716 quidem
554 1643 681 1702 habebat
717 1645 798 1718 leges
827 1641 1047 1718 interpretandi,
1080 1647 1110 1701 et
1140 1662 1201 1700 res·

127 1741 221 1798 ponsa
254 1721 310 1780 Dei
341 1722 438 1793 dandi,
471 1729 502 1781 at
532 1742 591 1781 non
621 1728 654 1782 ut
685 1724 791 1794 Moses,
827 1724 1055 1799 quandocunque
1076 1723 1200 1794 volebat,

128 1802 180 1860 sed
212 1806 326 1860 tantum
359 1804 396 1860 ab
427 1802 602 1878 imperatore
633 1804 680 1862 vel
711 1823 821 1863 summo
854 1802 974 1862 concilio
995 1804 1041 1861 vel
1062 1801 1201 1862 similibus

128 1888 265 1956 rogatus3
299 1887 328 1940 et
360 1887 462 1941 contra
492 1903 621 1942 summus
651 1884 796 1942 exercitus
827 1884 991 1958 Imperator
1021 1887 1050 1941 et
1071 1883 1201 1955 concilia,

128 1963 224 2020 Deum
256 1963 371 2037 quando
406 1963 544 2022 volebant
574 1964 733 2035 consulere,
765 1968 910 2040 poterant,
943 1969 974 2021 at
1004 1982 1063 2020 non
1094 1963 1150 2022 nisi
1185 1983 1202 2022 a
1252 1963 1255 1969 ’
1310 2001 1313 2008 ι

129 2062 242 2100 summo
275 2041 415 2101 Pontifice
447 2043 501 2102 Dei
532 2064 671 2119 responsa
702 2045 840 2119 accipere.
873 2044 969 2113 Quare
998 2043 1053 2101 Dei
1074 2043 1151 2101 dicta
1171 2043 1201 2102 in

129 2141 180 2182 ore
212 2122 362 2181 Pontificis
392 2142 451 2181 non
483 2124 608 2196 decreta,
639 2130 673 2183 ut
692 2124 723 2182 in
744 2143 794 2182 ore
814 2124 912 2192 Mosis,
938 2124 988 2181 sed
1009 2127 1123 2181 tantum
1144 2143 1201 2182 res-

128 2222 222 2278 ponsa
243 2208 343 2273 erant3
366 2223 384 2261 a
404 2205 496 2262 desua
517 2210 614 2262 autem
625 2210 655 2263 et
666 2203 793 2263 conciliis
804 2208 932 2279 accepta,
944 2207 1006 2261 tum
1018 2203 1130 2262 demum
1141 2203 1200 2260 vim

126 2283 259 2341 mandati
271 2287 310 2340 'et
331 2283 441 2342 decreti
461 2284 617 2343 habebant.
640 2284 751 2343 Deinde
772 2283 819 2342 hic
840 2303 967 2342 summus
988 2282 1133 2353 Pontifex,
1150 2283 1199 2359 qui

127 2363 184 2421 Dei
211 2383 351 2438 responsa
371 2383 389 2421 a
409 2365 471 2422 Deo
492 2364 660 2440 accipiebat,
682 2362 815 2423 militiam
835 2383 894 2422 non
914 2364 1049 2433 habebat,
1072 2383 1125 2421 nee
1145 2363 1198 2420 im-

126 2442 240 2518 perium
260 2443 325 2519 jure
346 2443 527 2518 possidebat:
551 2451 580 2503 et
601 2449 712 2515 contra,
734 2444 784 2520 qui
804 2449 899 2503 terras
916 2444 982 2520 jure
1002 2443 1197 2518 possidebant,

125 2524 209 2596 leges
231 2528 361 2582 statuere
379 2524 446 2598 jure
466 2545 525 2583 non
545 2530 690 2601 poterant.
713 2525 846 2584 Summus
867 2525 970 2582 deinde
982 2523 1126 2593 Pontifex,
1139 2528 1198 2581 tam

128 2603 253 2661 Aharon
274 2623 360 2679 quam
381 2603 457 2663 filius
477 2605 539 2680 ejus
560 2606 724 2676 Eleazarus,
747 2606 988 2680 uterqueaMose
999 2604 1113 2680 quidem
1124 2604 1198 2662 elec-

126 2688 178 2741 tus
198 2683 262 2754 fuit,
284 2687 398 2742 mortuo
421 2689 518 2743 autem
539 2688 620 2744 Mose
641 2706 724 2745 nemo
743 2686 792 2762 jus
813 2685 939 2760 eligendi
959 2683 1123 2761 pontificem
1146 2685 1198 2742 ha·

126 2762 201 2832 buit,
224 2764 274 2821 sed
296 2763 372 2822 filius
392 2765 470 2839 patri
491 2764 618 2840 legitime
639 2766 820 2825 succedebat.
842 2767 1004 2840 Imperator
1025 2765 1198 2823 exercitusa

126 2843 225 2901 Mose
243 2843 331 2901 etiam
353 2844 462 2903 electus
482 2845 547 2915 fuit,
570 2851 599 2903 et
619 2866 678 2904 non
699 2866 736 2904 ex
755 2847 822 2921 jure
843 2845 946 2904 summi
967 2845 1124 2914 Pontificis
1147 2845 1196 2903 sed

124 2924 193 2999 jure
214 2923 304 2981 Mosis
324 2923 380 2999 ipsi
401 2925 479 2995 dato,
500 2945 654 3000 personam
675 2925 863 3000 Imperatoris
884 2925 991 2996 induit,
1006 2929 1036 2982 et
1046 2925 1109 2983 ideo
1121 2944 1197 2983 rnor-

126 3008 180 3061 tuo
209 3005 301 3061 Josua
321 3004 453 3078 pontifex
474 3005 616 3064 neminem
638 3006 701 3080 ejus
721 3006 783 3063 loco
804 3005 901 3078 elegit,
924 3024 977 3062 nee
997 3005 1141 3080 principes
1163 3005 1198 3062 de

126 3102 206 3141 novo
227 3083 406 3158 Imperatore
428 3086 520 3144 Deum
541 3086 755 3155 consuluerunt,
777 3086 827 3144 sed
848 3085 1046 3161 unusquisque
1067 3084 1095 3142 in
1126 3083 1199 3141 mili-

126 3163 201 3221 tiam
222 3183 282 3222 suae
303 3163 405 3235 tribua,
428 3169 458 3222 et
478 3185 577 3224 omnes
598 3165 682 3223 simul
703 3165 733 3223 in
754 3165 918 3223 universam
940 3164 1071 3222 militiam
1083 3164 1131 3238 jus
1145 3165 1196 3221 Jo-

127 3263 189 3302 suae
211 3243 402 3304 retinuerunt.
424 3245 463 3303 Et
482 3246 599 3304 videtur
619 3266 677 3304 non
698 3265 771 3321 opus
784 3244 873 3303 fuisse
887 3264 997 3302 summo
1008 3245 1196 3318 Imperatore,

126 3322 185 3381 nisi
217 3325 332 3398 quando
354 3325 517 3400 conjunctis
538 3325 649 3384 viribus
671 3330 773 3384 contra
794 3344 972 3383 communem
993 3325 1105 3381 hostem
1127 3342 1197 3397 pug-

126 3423 200 3461 nare
222 3404 382 3477 debebaut3
404 3407 480 3480 quod
501 3405 615 3481 quidem
636 3405 762 3465 maxime
782 3405 876 3463 locum
896 3404 1196 3477 habuittemporedo-

127 3504 200 3554 suae,
224 3504 280 3559 quo
301 3485 394 3543 locum
416 3486 506 3544 fixum
528 3487 654 3544 nondum
676 3506 775 3544 omnes
796 3486 951 3557 habebant,
974 3488 1003 3542 et
1017 3482 1196 3541 omniacom·

126 3563 224 3622 munis
253 3564 327 3640 juris
348 3570 448 3636 erana
471 3571 502 3624 at
522 3570 675 3642 postquam
698 3585 797 3624 omnes
818 3564 911 3622 tribus
931 3569 1026 3622 terras
1044 3564 1109 3638 jure
1130 3563 1198 3621 belli

127 3664 287 3720 possessas,
320 3649 349 3703 et
380 3663 451 3721 quas
475 3647 570 3705 adhuc
590 3645 739 3721 possidere
759 3646 789 3703 in
810 3644 956 3702 mandatis
977 3648 1048 3713 erat,
1069 3642 1145 3701 inter
1167 3663 1197 3701 se

128 3724 301 3796 diviserunt,
322 3745 376 3784 nec
397 3725 520 3801 amplius
540 3727 636 3784 omnia
658 3725 784 3784 omnium
806 3729 898 3794 erant,
915 3745 948 3782 eo
959 3724 1021 3800 ipso
1033 3723 1107 3781 ratio
1120 3743 1197 3781 com-

127 3805 225 3864 munis
255 3805 439 3880 imperatoris
470 3807 603 3876 cessavit,
628 3806 857 3881 quandoquidem
879 3805 972 3864 tribus
994 3804 1116 3862 diversae
1139 3823 1195 3861 nou
