2662 4298
124 331 183 388 398
525 349 663 388 nrrsrona
683 349 775 389 oxvn.

128 516 314 592 impossibilia
329 517 481 585 habentur,
496 517 546 574 sed
556 537 659 575 revera
669 516 781 574 incerta
791 521 931 589 tantum,
946 521 1047 578 donec
1057 522 1195 581 testimonio

128 597 338 672 quamplurium
369 597 425 655 fide
452 597 605 671 dignorum
626 597 742 654 testium
764 596 930 657 convictus
954 601 1062 673 fueris,
1084 604 1196 661 deberent

126 677 227 735 videri.
250 677 329 735 Sicut
350 677 445 735 Julius
466 677 570 748 Caesar,
593 678 635 735 uti
645 676 715 734 mihi
725 676 889 751 imaginor,
901 680 1123 754 judicaturusf
1141 683 1146 693 '
1181 690 1194 753 t,

128 757 223 832 aliquo
253 757 308 832 ipsi
339 757 460 828 dicente,
484 757 581 832 pulvis
601 756 705 832 aliquis
725 759 868 832 componi
889 765 1010 835 potest,
1034 768 1066 820 et
1086 764 1195 838 peslerio

127 837 208 895 ribus
228 837 341 895 saeculis
362 837 519 895 communis
539 838 684 906 reddetur,
705 836 789 912 cujus
800 839 949 912 potentia
962 847 1030 899 tam
1043 844 1100 902 erit
1109 845 1195 911 efficax.

125 922 158 976 ut
179 918 305 988 castella,
327 917 460 975 civitates
480 918 619 992 integras,
641 917 697 974 imo
718 922 836 976 montes
859 919 948 994 ipsos
960 922 996 980 in
1009 924 1195 1000 a'erapmsiliro

126 997 223 1067 faciat,
256 1002 286 1055 et
316 997 346 1054 in
378 997 479 1072 quovis
509 999 572 1056 loco
603 998 763 1068 conclusus,
793 998 900 1058 subito
923 1008 1001 1076 post
1023 1005 1195 1063 accensionem

126 1097 208 1135 suam
237 1097 268 1135 se
288 1078 390 1135 mirum
412 1078 442 1135 in
462 1079 577 1135 modum
599 1078 732 1146 dilatans,
754 1097 854 1149 omne,
880 1083 966 1155 quod
991 1084 1138 1142 actionem
1154 1085 1196 1160 eju

127 1157 254 1232 impedit,
279 1157 439 1233 disrumpat
447 1181 453 1227 ;
462 1159 516 1216 hoc
527 1158 602 1216 enim
613 1157 709 1216 Julius
720 1157 821 1216 Caesar
832 1161 923 1218 nullo
936 1164 1033 1221 modo
1045 1165 1196 1234 credidisset,

126 1239 176 1296 sed
208 1237 300 1313 plenis
328 1238 475 1296 cachinnis
496 1238 632 1296 irrisisset
652 1239 729 1296 hunc
749 1238 917 1308 hominem,
942 1247 1057 1318 utpote
1079 1247 1196 1304 volentem

126 1318 181 1393 ipsi
214 1319 387 1393 persuadere
417 1338 479 1376 rem
506 1319 614 1392 judicio
635 1318 724 1393 ipsius
745 1338 779 1376 ac
802 1321 1022 1396 experientiae,
1047 1345 1197 1400 summaque

128 1398 258 1456 seientiae
279 1398 404 1468 militari,
426 1399 609 1456 contrariam.

169 1478 224 1536 seo
246 1479 276 1536 in
296 1478 373 1536 viam
395 1480 554 1536 redeamus.
577 1479 607 1537 Si
627 1480 690 1537 haec
710 1478 854 1553 praedicta
867 1479 971 1555 igitur
983 1504 1050 1542 non
1062 1485 1197 1561 cognoscis,

128 1578 221 1632 neque
253 1558 410 1631 diiudicare
430 1564 521 1634 potes,
544 1559 612 1634 quid
634 1557 767 1634 superbia
789 1558 953 1620 Diaboliea
977 1565 1118 1624 tumidus
1135 1565 1199 1624 miser
1237 1618 1239 1629 .

126 1639 211 1695 homo
230 1639 371 1712 judicabis
385 1638 538 1697 temerario
553 1640 588 1698 de
598 1638 746 1714 Mysteriis
757 1642 927 1700 tremendis
938 1643 1020 1703 vitae
1032 1651 1066 1704 et
1077 1645 1199 1704 Passionis

127 1718 243 1787 Christi,
259 1738 324 1792 quae
339 1719 394 1794 ipsi
405 1719 544 1777 Catholici
554 1721 690 1778 docentes
701 1719 1024 1801 incomprehensihilia
1037 1727 1199 1801 praedicant?

128 1797 202 1868 Quid
223 1817 308 1873 porro
330 1797 464 1870 insanies,
487 1799 639 1873 nugatorie
660 1805 690 1858 et
699 1798 822 1856 futiliter
834 1802 1008 1874 garriendo
1022 1807 1062 1864 de
1073 1805 1201 1865 Miraoolis

126 1878 284 1936 innumeris
305 1884 334 1936 et
355 1879 454 1952 signis,
477 1900 542 1954 quae
554 1884 621 1955 post
631 1879 776 1951 Christum
786 1879 930 1954 Apostoli
941 1888 975 1941 et
987 1885 1138 1963 Discipuli
1146 1887 1200 1962 ejus,

128 1964 158 2016 et
179 1959 313 2034 deinceps
334 1959 443 2034 aliquot
463 1960 551 2017 millia
572 1960 751 2030 Sanctorum,
772 1958 803 2016 in
824 1960 1044 2024 testimonium
1068 1973 1101 2025 et
1120 1967 1201 2025 confir·

129 2039 284 2097 mationem
296 2039 428 2097 veritatis
434 2039 514 2097 Fidei
526 2040 683 2098 Catholicae
695 2059 746 2115 per
756 2038 998 2114 omnipotentem
1008 2046 1070 2105 Dei
1083 2047 1202 2106 virtutem

130 2119 291 2189 ediderunt,
324 2140 357 2177 ac
384 2140 436 2195 per
457 2121 576 2178 eandem
597 2121 650 2178 Dei
672 2119 898 2194 omnipotentem
923 2123 1165 2186 Misericordiam
1182 2130 1203 2183 et

129 2200 294 2258 Bonitatem
325 2200 481 2257 etiamnum
512 2201 612 2258 diebus
643 2199 749 2257 nostris
779 2199 841 2256 sine
875 2221 1009 2261 numero
1046 2227 1103 2281 per
1127 2213 1204 2264 totum

131 2287 274 2338 terrarum
306 2283 403 2338 orbem
434 2282 525 2337 fiunt?
546 2282 583 2339 Et
605 2281 629 2338 si
650 2280 727 2337 hisce
749 2280 952 2340 contradicere
976 2305 1043 2343 non
1067 2293 1159 2362 potes,
1179 2292 1202 2343 ut

127 2366 204 2418 certe
225 2361 339 2418 minime
360 2361 476 2435 poteris,
499 2361 566 2435 quid
577 2363 642 2435 plus
653 2360 815 2435 obstrepis?
828 2361 953 2418 Manum
967 2365 1019 2434 da,
1035 2372 1068 2424 et
1080 2368 1204 2442 resipisce

127 2444 163 2499 ab
195 2442 339 2499 erroribus
370 2446 399 2498 et
429 2462 446 2498 a
477 2442 603 2515 peccatis
633 2441 707 2512 tuis;
729 2439 922 2497 humilitatem
946 2442 1055 2515 indue,
1081 2453 1112 2505 et
1132 2467 1203 2521 rege·

127 2527 252 2579 nerator.

170 2602 277 2657 Verum
299 2606 441 2674 praeterea
463 2603 498 2658 ad
517 2603 668 2659 veritatem
680 2601 758 2671 facti,
771 2600 845 2657 sicut
855 2620 962 2659 revera
973 2610 1025 2662 est
1036 2607 1202 2665 fundamen·

130 2687 191 2737 tum
224 2678 381 2752 Religionis
409 2680 589 2753 Christianae,
612 2681 784 2739 descendere
804 2679 882 2737 libet.
906 2680 1070 2749 Quomodo
1093 2686 1204 2744 audebis

131 2779 248 2832 negare,
281 2760 304 2816 si
336 2765 413 2816 recte
444 2763 587 2833 attendas,
613 2761 768 2819 efficaciam
790 2767 948 2818 consensus
970 2767 1019 2820 tot
1043 2767 1204 2842 myriadum

130 2838 286 2910 hominum,
319 2860 438 2915 quorum
471 2841 578 2916 aliquot
608 2842 697 2899 millia
718 2841 857 2910 doctrina,
879 2841 1062 2915 eruditione,
1087 2854 1118 2904 et
1141 2866 1204 2905 vera

129 2920 227 2978 subtili
264 2920 416 2992 soliditate,
449 2922 573 2997 vitaeque
606 2922 790 2997 perfectione,
826 2925 855 2977 te
890 2921 991 2979 multis
1030 2927 1206 3001 parasangis

130 3002 322 3060 antecelluere
354 3023 387 3060 ac
418 3005 604 3071 antecellunt,
633 3002 682 3077 qui
703 3021 801 3059 omnes
821 3000 998 3059 unanimiter
1022 3011 1057 3063 et
1079 3027 1140 3064 uno
1162 3026 1206 3064 ore

127 3084 282 3152 affirmant,
305 3083 449 3141 Christum
470 3083 574 3140 Filium
596 3084 649 3141 Dei
669 3082 729 3139 vivi
750 3082 931 3139 incarnatum
952 3101 1019 3139 esse
1043 3105 1167 3159 passum
1180 3093 1206 3144 et

128 3163 306 3232 crucifixum,
344 3169 545 3237 mortuumque
583 3184 645 3220 esse
679 3183 731 3237 pro
763 3161 889 3237 peccatis
920 3162 1041 3234 generis
1076 3167 1204 3236 humani,

128 3244 329 3314 resurrexisse,
362 3243 600 3317 transfiguratum
632 3264 702 3313 esse,
725 3262 848 3317 regnare
869 3241 899 3298 in
920 3240 1002 3299 coelis
1023 3264 1096 3303 cum
1118 3249 1205 3305 Patre

130 3329 239 3380 aeterno
271 3324 300 3381 in
333 3323 444 3381 unitate
473 3323 596 3399 Spiritus
617 3324 716 3381 Sancti
736 3325 837 3392 Deum,
860 3320 1031 3396 etreliqua,
1059 3347 1128 3400 quae
1152 3329 1205 3385 hue

130 3409 278 3477 spectant,
312 3407 347 3461 ab
379 3405 477 3461 eodem
510 3404 632 3461 Domino
663 3405 743 3475 Jesu,
776 3402 855 3460 etin
875 3401 990 3460 nomine
1012 3404 1081 3478 ejus
1104 3414 1205 3482 postea

130 3485 167 3541 ab
189 3483 336 3558 Apostolis
357 3483 531 3558 reliquisque
554 3484 666 3542 Sanctis
687 3504 738 3558 per
759 3483 896 3541 virtutem
911 3481 1050 3541 Divinam
1063 3491 1096 3544 et
1109 3487 1205 3546 Omni·

131 3568 277 3637 potentem
309 3563 447 3621 miracula
477 3564 635 3634 innumera,
668 3569 783 3638 captum
813 3564 969 3620 humanum
1002 3583 1064 3621 non
1088 3572 1205 3625 tantum

130 3643 309 3712 excedentia,
332 3645 382 3701 sed
404 3651 433 3701 et
454 3645 551 3703 sensui
572 3645 713 3702 communi
735 3643 936 3718 repugnantia,
958 3641 989 3698 in
1000 3643 1139 3705 Ecclesia
1152 3648 1206 3706 Dei

132 3726 209 3781 facta
237 3723 324 3781 fuisse
346 3725 531 3799 (quorumque
552 3725 582 3782 in
603 3726 679 3782 hunc
700 3724 773 3781 diem
796 3744 884 3798 usque
906 3721 1011 3780 indicia
1032 3728 1205 3786 materialia

129 3803 288 3875 innumera,
312 3810 341 3862 et
361 3807 446 3880 longe
467 3806 581 3881 lateque
602 3826 653 3880 per
675 3807 770 3862 orbem
793 3809 936 3862 terrarum
957 3801 1063 3861 diffusa
1076 3807 1206 3867 visibilia
