2662 4298
426 347 743 388 remmono-comuni
765 349 829 386 rm.
853 348 917 385 viu.
1170 330 1206 389 el

128 524 254 613 ombun
272 554 353 613 ΓΠῚΠ
373 554 455 613 Ἠ)
474 524 563 612 uben
588 554 703 612 oum
729 557 778 613 r'lb'
804 556 904 619 li‘d'b'l'
932 556 1018 612 2an
1039 557 1208 631 scripsitque

128 652 227 711 Josuc
257 652 317 710 lroec
346 654 432 712 cerba
458 655 489 710 iu
519 651 591 709 libro
619 652 703 728 Lepie
723 654 785 723 Dei,
808 651 962 710 Clmldaice
986 652 1027 710 sic
1048 653 1205 719 transtulit,

127 793 220 850 nrm
246 792 362 850 enne
389 792 470 851 uem
499 792 637 857 nenne
665 762 751 850 iren
780 794 897 850 emme
932 794 967 848 n
996 794 1104 858 nrm
1132 796 1206 850 :nn

128 925 154 976 ct
173 919 294 993 scripsit
313 918 407 976 Jocaa
426 918 485 976 brec
508 919 594 976 verbu
614 924 639 975 et
661 919 809 975 citatodioit
830 938 863 975 ec
886 938 949 975 rum
963 920 1036 977 libro
1047 920 1203 994 LroiaDci.

129 996 206 1068 Quid
238 1017 304 1056 cum
334 997 391 1055 illis
422 1017 502 1073 agas,
535 997 584 1072 qui
605 996 676 1055 nihil
698 996 806 1065 vident,
828 996 884 1055 uisi
906 999 983 1073 quod
1004 999 1104 1058 lubet'?
1126 999 1203 1075 quid,

127 1077 258 1154 inquam,
280 1078 335 1136 hoc
355 1077 433 1136 aliud
454 1082 507 1148 est,
529 1097 615 1152 quam
635 1076 726 1152 ipsam
739 1077 917 1152 Scripturam
929 1098 1045 1153 negare,
1058 1085 1087 1137 et
1099 1100 1203 1138 novam

127 1177 168 1216 ex
187 1156 306 1233 proprio
327 1159 444 1216 cerebro
465 1158 591 1216 cudere?
612 1157 671 1214 Nos
692 1156 783 1231 igitur
794 1158 999 1226 concludimus,
1013 1160 1090 1217 hunc
1100 1160 1205 1218 librum

126 1237 203 1313 legis
235 1238 298 1307 Dei,
331 1256 415 1313 quem
444 1239 539 1296 Moses
566 1236 690 1312 scripsit,
713 1257 771 1295 non
792 1237 882 1295 fuisse
903 1239 1130 1310 Pentateuchon,
1153 1241 1202 1297 sed

127 1337 249 1394 prorsus
280 1317 377 1389 alium,
409 1337 493 1393 quem
517 1324 602 1376 autor
624 1317 813 1375 Pentateuchi
836 1337 887 1375 siro
909 1317 989 1393 operi
1010 1318 1110 1376 ordine
1131 1318 1204 1377 inse·

127 1398 202 1469 ruit;
237 1398 313 1473 quod
344 1417 408 1456 cum
439 1417 477 1456 ex
496 1399 581 1456 modo
603 1397 697 1459 dietis.
720 1404 780 1455 tum
802 1417 840 1455 ex
859 1398 918 1472 jam
941 1398 1069 1456 dicendis
1090 1399 1204 1457 eviden-

127 1477 241 1537 tissime
272 1477 412 1554 sequitur.
447 1478 557 1554 Nempe
578 1498 642 1536 cum
664 1477 695 1535 in
715 1477 932 1536 Deuteronomii
953 1479 1015 1537 loco
1034 1479 1093 1553 jam
1115 1479 1204 1539 citato

126 1562 277 1628 narratur,
309 1559 385 1634 quod
418 1559 515 1617 Moses
545 1558 619 1632 legis
649 1558 753 1615 librum
782 1559 906 1633 scripsit,
929 1559 1010 1617 addit
1031 1559 1203 1631 Historicus,

128 1639 206 1714 quod
238 1639 335 1696 Moses
366 1658 430 1696 eum
462 1639 661 1697 sacerdotibus
689 1638 818 1706 tradidit,
841 1643 870 1696 et
893 1640 969 1714 quod
991 1646 1134 1715 praeterea
1155 1660 1205 1698 eos

123 1717 256 1794 jusserit,
278 1722 311 1777 ut
330 1717 423 1794 ipsum
445 1723 524 1777 certo
545 1718 675 1794 tempore
696 1718 775 1775 omni
791 1719 897 1794 populo
910 1720 1115 1794 preelegerent3
1128 1721 1203 1795 quod

127 1797 266 1870 ostendit,
298 1799 375 1856 huno
406 1798 510 1856 librum
531 1799 618 1873 longe
639 1798 758 1856 minoris
778 1799 862 1856 molis
882 1800 971 1858 fuisse
992 1821 1077 1874 cluam
1100 1802 1202 1859 Penta·

126 1879 265 1949 teuchon,
287 1878 517 1953 quandoquidem
538 1879 567 1937 in
589 1899 648 1937 una
669 1878 806 1937 concione
826 1879 869 1938 ita
891 1880 1002 1954 perlegi
1022 1886 1145 1956 poterat,
1171 1887 1204 1938 ut

127 1961 166 2017 ab
197 1958 331 2017 omnibus
360 1958 580 2034 intelligeretur.
613 1959 673 2017 Nec
704 1958 751 2016 hie
782 1961 1025 2034 pretereundum,
1059 1962 1134 2035 quod
1166 1981 1203 2019 ex

127 2039 263 2097 omnibus
292 2038 381 2109 libris,
414 2059 485 2114 quos
514 2041 610 2098 Moses
632 2038 755 2113 scripsit,
778 2042 855 2098 hunc
876 2061 965 2098 unum
987 2041 1105 2098 secundi
1124 2040 1202 2116 pacti

127 2123 158 2177 et
178 2118 330 2178 Canticum
352 2120 439 2194 (quod
460 2124 562 2195 postea
583 2119 670 2177 etiam
692 2119 815 2194 scripsit,
833 2130 863 2177 ut
875 2120 904 2177 id
915 2121 1069 2177 universus
1080 2122 1223 2194 populus¹

127 2199 281 2271 edisceret)
313 2198 446 2273 religiose
477 2219 593 2257 servaro
626 2206 656 2258 et
687 2200 830 2257 custodire
860 2200 987 2273 jusserit.
1020 2199 1102 2267 Nam,
1136 2199 1203 2273 quia

126 2279 219 2354 primo
250 2283 337 2354 pacto
368 2300 426 2337 non
457 2279 512 2337 nisi
543 2284 710 2355 presentes
733 2279 781 2354 qui
803 2281 933 2347 aderant,
957 2278 1146 2351 obligaverat,
1169 2285 1200 2336 at

127 2360 254 2419 secundo
286 2379 385 2417 omnes
417 2359 503 2418 etiam
532 2380 630 2418 eorum
651 2365 783 2435 posteros
805 2359 883 2432 (vide
906 2360 991 2416 Dent.
1013 2378 1075 2432 cap.
1099 2361 1136 2416 29
1158 2379 1200 2416 vs.

130 2440 176 2510 14,
202 2440 271 2510 15),
293 2438 357 2497 ideo
378 2441 464 2515 hujus
485 2440 601 2498 secundi
624 2440 701 2515 pacti
714 2439 818 2498 librum
830 2439 935 2497 suturis
948 2438 1058 2498 suculis
1069 2439 1202 2513 religiose

128 2521 302 2578 servandum
322 2519 417 2594 jussit,
440 2525 469 2578 et
489 2526 633 2595 praeterea
655 2520 751 2591 etiam,
764 2525 797 2578 ut
808 2519 942 2591 diximus,
954 2519 1114 2591 Canticum,
1127 2521 1200 2595 quod

127 2601 227 2658 futura
259 2601 367 2658 saecula
399 2601 577 2675 potissimum
611 2600 736 2675 respicit.
770 2601 841 2659 Cum
872 2601 971 2676 itaque
997 2621 1055 2658 non
1080 2606 1201 2670 constet,

128 2681 230 2738 Mosen
258 2679 331 2738 alios
358 2686 465 2756 praeter
486 2682 539 2739 hoe
559 2682 648 2739 libros
669 2681 828 2756 scripsisse,
850 2686 880 2738 et
901 2681 962 2756 ipso
983 2682 1092 2738 nullum
1115 2682 1201 2739 alium

128 2765 235 2834 praeter
261 2759 403 2818 Libellum
424 2761 496 2835 legis
517 2782 581 2819 cum
603 2761 721 2819 (lentico
743 2761 908 2836 posteritati
930 2761 1064 2835 religiose
1085 2780 1201 2820 servan-

127 2841 195 2898 dum
225 2841 415 2909 mandaverit,
448 2846 478 2898 et
509 2841 632 2917 denique
660 2842 744 2916 plura
765 2842 794 2899 in
816 2843 1016 2899 Pentateucho
1038 2848 1200 2912 occurrant,

127 2939 190 2994 quae
211 2941 229 2979 a
250 2920 331 2978 Mose
352 2920 438 2979 scribi
459 2942 517 2979 non
538 2927 711 2996 potuerunt;
734 2921 875 2997 sequitur,
898 2922 1041 2979 nominem
1063 2923 1201 2980 cumfun·

127 3001 271 3072 (lamento,
293 3002 343 3059 sed
364 3001 479 3059 omnino
501 3008 601 3059 contra
624 3002 776 3059 Rationem
790 3003 944 3072 affinnare,
958 3003 1060 3059 Mosen
1071 3006 1200 3059 autorem

127 3099 189 3138 esse
221 3081 423 3141 Pentateuchi.
455 3084 497 3139 At
527 3082 573 3139 hic
605 3081 710 3156 aliquis
740 3083 840 3140 forsan
869 3082 995 3155 rogabit,
1015 3102 1084 3139 num
1104 3083 1202 3139 Moses

127 3165 233 3235 praeter
259 3161 323 3220 haec
343 3182 401 3219 non
423 3162 510 3219 etiam
532 3162 679 3237 scripserit
699 3163 788 3235 leges
811 3181 876 3218 cum
897 3162 953 3236 ipsi
975 3162 1099 3236 primum
1120 3181 1198 3220 reve·

127 3240 277 3300 larentur?
298 3243 353 3299 hoc
373 3246 426 3312 est,
449 3262 486 3300 cn
507 3242 600 3318 spatio
623 3242 817 3316 quadraginta
832 3261 975 3299 annorum
989 3241 1200 3314 nullaslegum,

128 3340 198 3394 quas
218 3322 334 3391 tulerat,
357 3322 513 3396 scripserit,
535 3328 643 3398 praeter
664 3341 772 3396 pamas
793 3321 865 3392 illas,
889 3341 962 3395 quas
984 3321 1013 3376 in
1027 3319 1112 3394 primi
1122 3320 1199 3394 pacti

126 3400 198 3460 libro
229 3406 382 3460 contentas
411 3403 500 3461 fuisse
531 3403 612 3461 dixi?
645 3402 700 3460 Sed
726 3402 762 3459 ad
784 3402 848 3458 haec
869 3400 1045 3475 respondeo:
1070 3400 1201 3473 quamvis

128 3482 323 3555 concederem,
357 3483 474 3540 Rationi
496 3487 720 3541 consentaneum
742 3480 843 3550 videri,
866 3481 942 3555 quod
965 3482 1062 3537 Moses
1084 3499 1117 3537 co
1138 3479 1201 3555 ipso

127 3565 255 3636 tempore
287 3567 316 3620 et
344 3563 415 3631 loco,
449 3584 505 3638 quo
536 3564 615 3638 leges
647 3561 858 3620 communicare
891 3560 1024 3634 contigit,
1059 3579 1092 3618 eo
1113 3561 1200 3619 etiam

128 3642 242 3700 easdem
272 3642 434 3717 scripserit,
466 3663 541 3717 nego
562 3648 668 3710 tamen,
691 3641 774 3698 nobis
795 3641 850 3698 hac
872 3642 907 3698 de
928 3660 1016 3698 caum
1037 3641 1125 3699 licere
1146 3643 1200 3699 hoc

128 3722 284 3781 affirmare:
307 3743 395 3798 supra
415 3724 491 3782 enim
512 3723 697 3791 ostendimus,
720 3719 802 3778 nobis
824 3721 860 3778 de
882 3720 1023 3778 similibus
1045 3721 1115 3778 nihil
1137 3741 1199 3779 osse

128 3804 321 3874 statuendum,
352 3803 408 3861 nisi
439 3805 468 3863 id
493 3804 568 3879 quod
590 3824 624 3862 ex
644 3802 708 3876 ipsa
729 3799 881 3874 Scriptura
903 3806 1027 3871 constat,
1053 3807 1104 3859 aut
1126 3802 1198 3876 quod
