2662 4298
132 343 196 400 420
539 358 677 398 rrrsrore
701 357 801 397 nxxvr.

131 548 216 603 quem
246 527 335 585 fidum
355 526 541 601 appellant*,
563 525 642 596 novi,
664 524 763 599 quiin
784 526 890 585 mediis
914 529 1064 602 flammis
1090 553 1157 591 cum
1174 535 1226 610 jam

132 613 264 666 mortuus
295 607 470 677 crederetur,
503 607 651 682 hymnum,
685 605 735 681 qui
755 605 869 681 incipit,
896 609 972 667 Tibi
995 612 1084 670 Deus
1106 618 1227 673 animam

132 709 224 747 memo
245 688 342 762 offero,
365 706 469 745 canere
490 686 606 762 incepit,
627 691 657 745 et
676 685 707 743 in
728 686 822 745 medio
845 693 942 748 cantu
967 693 1154 768 exspiravit.

172 767 310 826 Ordinem
331 768 471 831 Romanae
493 768 638 838 Ecclesiae,
661 785 744 840 quem
755 771 915 843 tantopere
931 770 1058 844 laudas,
1073 775 1225 849 politicum,

131 854 161 906 et
191 847 322 923 plurimis
347 848 490 905 lucrosum
519 867 582 905 esse
611 847 720 917 fateor;
742 867 795 904 nec
815 849 855 905 ad
877 849 1100 926 decipiendam
1122 856 1225 930 plebem

130 935 160 986 et
192 927 339 986 hominum
370 927 482 985 animos
512 927 701 986 coercendum
730 927 962 988 commodiorem
986 932 1049 991 isto
1074 937 1225 1003 crederem,

130 1008 160 1066 ni
194 1008 264 1066 ordo
296 1008 518 1066 Mahumedanae
540 1007 676 1065 Ecclesiae
698 1011 782 1077 esset,
805 1008 856 1082 qui
877 1009 975 1085 longe
999 1015 1133 1073 eundem
1156 1023 1225 1076 ante

131 1088 218 1147 cellit.
254 1088 328 1146 Nam
360 1107 378 1145 a
409 1107 466 1163 quo
497 1093 627 1162 tempore
656 1088 719 1145 haec
746 1088 918 1162 superstitio
942 1091 1076 1168 incepit,
1101 1093 1182 1155 nulla
1199 1099 1225 1156 iu

129 1187 230 1227 eorum
253 1167 383 1226 Ecclesia
404 1168 561 1226 schismata
582 1172 647 1226 orta
668 1171 744 1226 sunt.

170 1248 199 1306 si
230 1248 321 1323 igitur
352 1253 432 1306 recte
463 1248 605 1306 calculum
636 1247 726 1319 ineas,
760 1247 788 1305 id
811 1249 914 1318 solum,
941 1254 1028 1326 quod
1052 1256 1148 1314 tertio
1170 1259 1223 1316 loco

130 1333 223 1399 notas,
245 1348 297 1404 pro
319 1327 492 1386 Christianis
512 1348 575 1386 esse
597 1327 720 1398 videbis;
743 1328 818 1402 quod
839 1329 958 1389 scilicet
975 1333 1037 1391 viri
1060 1335 1177 1395 indocti
1199 1344 1225 1396 et

129 1408 201 1467 viles
233 1414 326 1467 totum
357 1408 418 1466 fere
439 1410 537 1466 orbem
558 1409 595 1466 ad
616 1407 829 1466 Christi'fidem
851 1417 1039 1472 convertere
1062 1419 1220 1491 potuerint.

131 1489 187 1547 Sed
208 1490 269 1548 haec
290 1488 364 1546 ratio
386 1508 444 1546 non
465 1508 517 1563 pro
539 1489 671 1546 Romana
691 1487 828 1558 Ecclesia,
851 1491 903 1548 sed
925 1510 987 1566 pro
1012 1497 1167 1570 omnihus
1181 1499 1222 1574 qui

130 1568 238 1627 Christi
259 1589 363 1627 nomen
384 1569 567 1643 profitentur,
589 1568 703 1627 militat.
1150 1586 1161 1598 “

169 1650 210 1706 At
233 1668 316 1723 pone,
331 1669 440 1720 omnen,
456 1668 528 1723 quas
542 1649 648 1718 adfers,
663 1648 791 1706 rationes
804 1647 896 1708 solius
911 1651 1068 1714 Romanae
1086 1657 1221 1718 Ecclesia

129 1748 201 1787 esse.
235 1730 362 1786 Putasne
394 1735 423 1786 te
454 1729 555 1787 iisdem
588 1729 715 1804 ejusdem
742 1729 878 1787 Ecclesiae
913 1734 1146 1809 authoritatem
1168 1759 1218 1797 ma·

128 1808 283 1867 thematice
314 1809 533 1868 demonstrare?
566 1809 647 1878 Quod
680 1829 744 1867 cum
765 1810 851 1883 longe
872 1811 962 1881 absit,
989 1834 1046 1873 cur
1070 1820 1219 1893 argoris,

128 1894 161 1946 ut
195 1890 319 1957 credam,
357 1908 436 1946 meas
471 1888 732 1948 demonstrationes
765 1910 783 1947 a
816 1890 1014 1951 scelestorum
1054 1896 1218 1973 spirituum

128 1969 270 2045 Principe,
300 1975 366 2028 tuas
388 1975 484 2027 autem
506 1990 523 2027 a
544 1971 605 2028 Deo
626 1969 782 2044 inspirari?
804 1971 969 2044 praesertim
994 1994 1066 2033 cum
1093 1979 1217 2049 videam,

127 2055 157 2108 et
190 2056 246 2109 tuae
276 2050 368 2108 literae
401 2050 478 2108 clare
508 2050 646 2119 indicent,
678 2055 707 2108 te
741 2049 826 2124 hujus
857 2051 1002 2111 Ecclesiae
1033 2060 1216 2136 mancipium

128 2131 245 2202 factum,
278 2152 336 2188 non
367 2135 427 2188 tam
459 2149 556 2188 amore
587 2129 640 2187 Dei
668 2130 794 2199 ductum,
818 2150 904 2205 quam
926 2132 1103 2196 inferorum
1127 2146 1215 2215 metu,

128 2211 176 2285 qui
208 2210 422 2285 superstitionis
454 2214 498 2267 est
526 2210 611 2267 unica
633 2230 727 2268 causa.
750 2211 860 2267 Estne
881 2211 946 2269 haec
968 2218 1027 2272 tua
1050 2218 1214 2289 humilitas,

127 2296 160 2347 ut
191 2292 262 2348 nihil
295 2292 356 2358 tibi,
386 2292 435 2348 sed
457 2295 490 2347 ut
511 2291 583 2359 aliis,
606 2290 655 2365 qui
677 2311 694 2347 a
715 2290 845 2364 plurimis
866 2291 1062 2366 damnantur,
1090 2302 1216 2358 credas?

127 2391 164 2428 an
186 2373 362 2445 arrogantiae
385 2378 415 2429 et
436 2371 576 2445 superbiae
599 2370 687 2442 duciS,
710 2372 784 2444 quod
806 2371 930 2428 Ratione
951 2377 1033 2448 utar,
1059 2383 1094 2435 et
1116 2380 1148 2438 in
1164 2382 1215 2438 hoc

128 2471 195 2508 vero
218 2453 270 2509 Dei
292 2454 396 2522 Verbo,
419 2453 493 2526 quod
516 2452 546 2508 in
560 2452 659 2508 Monte
671 2455 723 2519 est,
737 2451 868 2526 quodque
880 2471 1033 2527 nunquam
1047 2458 1212 2534 depravari

127 2551 179 2588 nee
214 2533 357 2606 corrumpi
391 2536 496 2607 potest,
532 2531 731 2605 acquiescam?
766 2532 869 2605 Apage
904 2533 981 2590 hanc
1019 2538 1211 2599 exitiabilem

126 2612 367 2685 superstitionem,
400 2618 437 2679 et,
470 2632 555 2685 cluam
587 2612 638 2668 tibi
671 2613 749 2669 Deus
770 2611 856 2678 dedit,
879 2611 1038 2673 Rationem
1063 2638 1208 2693 agnosce,

126 2711 245 2765 eamque
275 2692 344 2757 cole,
378 2691 433 2747 nisi
464 2692 540 2749 inter
571 2695 657 2749 bruta
687 2691 786 2749 haberi
818 2692 899 2749 velis,
929 2692 1049 2766 Desine,
1075 2699 1210 2776 inquam,

126 2773 267 2829 absurdos
288 2791 400 2828 errores
421 2774 559 2845 mysteria
581 2773 734 2847 appellare,
757 2792 810 2829 nec
831 2772 956 2846 turpiter
977 2778 1137 2838 confunde
1152 2781 1208 2843 illa.

127 2872 190 2926 quae
223 2852 305 2908 nobis
336 2851 484 2926 incognita
516 2853 562 2909 vel
594 2854 720 2910 nondum
741 2857 857 2926 reperta
879 2853 956 2923 sunt,
978 2873 1047 2914 cum
1069 2858 1120 2930 iis,
1145 2882 1209 2934 quae

127 2934 252 2990 absurda
273 2953 335 2991 esse
358 2934 601 3005 demonstrantur,
628 2933 670 2990 uti
692 2939 760 2990 sunt
781 2932 866 3007 hujus
887 2933 1027 2993 Ecclesiae
1051 2939 1209 2999 horribilia

126 3020 245 3085 secreta,
279 3035 353 3088 quae,
386 3034 441 3088 quo
474 3014 566 3087 magis
599 3019 683 3071 rectae
716 3013 834 3070 Rationi
865 3021 1044 3086 repugnant,
1076 3039 1115 3077 eo
1145 3022 1209 3097 ipsa

125 3093 303 3152 intellectum
326 3095 530 3152 transcendere
552 3093 652 3151 credis

166 3174 309 3232 Caeterum
351 3175 505 3231 Tractatds
547 3173 818 3247 Theologo·Politici
853 3173 1088 3247 fundamentum,
1130 3183 1206 3256 quod

122 3254 234 3313 seilicet
255 3255 404 3329 Scriptura
425 3274 477 3328 per
498 3255 587 3312 solam
609 3254 786 3328 Scripturam
810 3253 913 3310 debeat
933 3256 1052 3327 exponi,
1065 3262 1207 3336 quodque

125 3340 183 3391 tam
216 3341 350 3409 proterve
384 3337 492 3409 absque
523 3336 582 3392 ulla
613 3335 725 3392 ratione
756 3335 860 3391 falsum
892 3353 954 3390 esse
986 3335 1110 3408 clama-e,
1147 3362 1205 3400 non

125 3420 238 3472 tantum
260 3415 440 3489 supponitur,
462 3416 512 3472 sed
534 3415 626 3490 ipsum
648 3435 749 3472 verum
764 3434 815 3471 seu
829 3415 941 3470 firmum
956 3433 1019 3471 esse
1035 3420 1205 3492 apodictico

126 3496 354 3565 demonstratur,
397 3494 539 3569 praecipue
581 3516 643 3569 cap.
682 3497 718 3565 7.,
754 3495 803 3552 ubi
838 3493 924 3551 etiam
959 3495 1203 3560 adversariorum

125 3575 273 3650 opiniones
308 3576 511 3646 confutantur,
548 3575 652 3650 quibus
687 3575 769 3645 adde,
805 3594 868 3648 quae
899 3574 929 3630 in
961 3575 1017 3632 fine
1050 3597 1116 3653 cap.
1156 3583 1202 3640 15.

125 3656 368 3713 demonstrantur.
394 3657 440 3712 Ad
463 3656 526 3712 haec
547 3656 571 3712 si
593 3655 743 3711 attendere
765 3655 845 3725 velis,
868 3659 897 3711 et
917 3654 1035 3729 insuper
1056 3659 1203 3720 Ecclesiae

154 3834 164 3852 ⁴
181 3831 322 3879 vallisoleti
340 3844 405 3875 armo
424 3831 490 3877 loll.
508 3832 704 3875 concrematum.
