2662 4298
132 323 190 381 208
566 343 705 382 aersrocu
726 322 787 382 v1.'

131 513 161 567 et
193 509 270 566 solas
300 508 485 580 volatilioreS,
517 529 570 585 per
600 509 753 583 angustius
784 509 988 568 foraminulum
1006 511 1036 584 a)
1065 512 1215 571 Btrans·

297 593 408 660 euntes,
426 588 603 664 exciperem3
624 591 652 664 b)
664 594 694 648 et
703 609 759 662 res,
772 589 815 649 uti
825 589 894 661 uixi,
904 590 1051 650 successit.
1063 591 1180 650 Verum
1189 593 1215 669 a)

193 670 217 775 (
296 688 390 744 neque
420 668 467 727 hio
498 669 656 728 subsistere
686 672 718 744 d)
749 669 841 740 volui;
866 672 926 741 sed,
949 676 981 729 ut
1001 690 1063 729 rem
1084 672 1216 731 ulterius

208 715 243 819 ill
296 749 501 820 examinarem,
543 750 680 825 majorem
719 750 911 825 quantitatem
942 750 1019 808 Nitri
1049 752 1155 828 accepi
1187 756 1215 827 e)

192 813 210 871 l
296 828 437 904 liquefeci,
460 834 490 887 et
509 838 604 906 pruna
623 830 748 888 micante
755 831 786 905 f)
806 830 929 903 incendi,
945 835 1041 906 atque,
1053 831 1099 889 uti
1109 837 1212 907 antea,

211 962 229 975 ,,
297 912 396 968 tubum
418 911 486 986 Ap)
508 910 653 969 crucibulo
673 911 805 987 imposui,
827 915 857 969 et
875 912 960 986 juxta
971 913 1001 986 a)
1022 911 1161 971 foramen
1175 915 1213 984 B,

166 966 187 1018 Β
196 975 241 1072 ,1,
297 989 432 1064 quamdiu
453 991 568 1049 flamma
589 991 706 1049 duravit
726 993 757 1064 i),
780 992 932 1050 frustulum
954 991 1064 1067 speculi
1085 994 1116 1066 lc)
1128 999 1212 1052 tene-

296 1072 371 1144 bam,
394 1069 438 1128 cui
460 1070 582 1129 materia
603 1072 736 1146 quaedam
758 1072 890 1143 adhaesit,
913 1091 978 1147 quac
1000 1071 1061 1130 ae'ri
1071 1074 1214 1148 exposita

295 1150 472 1225 liquescebat
483 1153 513 1225 l),
526 1155 555 1209 et
566 1153 615 1224 aa),
628 1152 760 1226 quamvis
770 1151 881 1227 aliquot
891 1152 953 1210 dies
963 1154 1212 1227 exspectaverim,

295 1232 406 1290 nullum
436 1232 468 1305 u)
499 1231 577 1289 Nitri
599 1232 732 1290 effectum
754 1234 909 1290 observare
929 1231 1023 1308 potui3
1044 1234 1106 1305 sed,
1127 1240 1211 1309 post·

296 1331 383 1387 quam
394 1310 526 1387 spiritum
537 1311 613 1370 Nitri
625 1312 816 1384 effundebam,
827 1312 858 1370 in
869 1312 984 1370 Nitrum
991 1315 1165 1372 mutabatur
1171 1321 1210 1384 o).

295 1392 341 1450 Ex
362 1411 418 1467 quo
425 1397 459 1466 p)
481 1391 582 1450 videor
600 1411 685 1468 posse
707 1393 885 1462 concludere,
896 1396 1004 1467 primo,
1017 1394 1094 1467 quod
1105 1400 1212 1469 partes

294 1472 362 1530 fixae
393 1471 476 1529 inter
500 1471 667 1547 liquandum
699 1472 904 1531 avolatilibua
924 1476 1099 1549 separantur
1113 1477 1155 1550 q),
1179 1481 1212 1533 et

295 1553 370 1626 quod
381 1553 497 1609 flamma
506 1551 585 1627 ipsas
595 1555 631 1610 ab
642 1551 766 1610 invicem
777 1552 946 1611 dissociatas
957 1572 1070 1610 sursum
1076 1554 1162 1628 pellit
1168 1557 1208 1629 r).

132 1636 270 1704 Secundo,
304 1632 389 1707 quod,
418 1635 571 1707 postquam
591 1637 691 1709 partes
711 1633 779 1691 fixae
802 1653 820 1690 a
840 1633 1006 1691 volatilibus
1026 1633 1106 1692 inter
1126 1635 1209 1693 deto-

132 1714 259 1772 nandum
282 1711 482 1783 dissociantur,
503 1712 609 1770 iterum
630 1712 790 1771 consociari
810 1733 867 1771 non
889 1717 1011 1789 possunt
1031 1713 1070 1789 sl:
1094 1733 1132 1772 ex
1149 1735 1208 1791 quo

133 1793 315 1852 concluditur
335 1795 426 1864 tertio,
448 1793 524 1866 quod
544 1797 644 1869 partes
664 1796 697 1868 t),
720 1813 785 1869 quae
807 1793 888 1851 calici
909 1794 1106 1865 adhaeserunt,
1128 1795 1208 1854 etin

135 1872 262 1932 stiriolas
288 1873 465 1942 coaluerunt,
487 1892 546 1931 non
566 1873 643 1947 fixae,
666 1874 716 1932 sed
737 1877 851 1932 tantum
872 1873 1005 1932 volatiles
1025 1874 1157 1934 fuerunt.
1177 1884 1209 1946 a)

172 1954 336 2013 Secundum
367 1952 603 2029 experimentum,
637 1958 666 2012 ct
687 1954 762 2028 quod
784 1956 935 2012 ostendere
956 1953 1080 2024 videtur,
1102 1960 1207 2030 partes

131 2035 206 2092 fixas
227 2053 285 2092 uon
306 2033 363 2092 nisi
382 2034 468 2092 faeces
488 2033 566 2092 Nitri
586 2053 649 2092 esse
669 2039 710 2106 a),
732 2038 785 2105 est,
808 2035 884 2109 quod
897 2034 1021 2108 Nitrum,
1037 2054 1093 2109 quo
1108 2037 1208 2111 magis

131 2119 176 2173 est
198 2115 379 2186 defaecatum,
395 2133 428 2173 eo
442 2114 598 2187 volatilius,
610 2118 640 2173 et
650 2113 744 2189 magis
755 2119 853 2189 aptum
866 2115 902 2172 ad
913 2115 1168 2189 crystallisandum
1175 2123 1206 2193 p}

130 2195 252 2270 reperio.
271 2195 346 2254 Nam
366 2215 431 2253 cum
453 2196 605 2270 crystallos
625 2194 702 2252 Nitri
723 2194 857 2253 defaecati
872 2194 1045 2252 sivefiltrati
1056 2196 1084 2267 a)
1097 2199 1206 2270 poculo

131 2383 346 2392 -—..-—

159 2498 182 2550 α)
195 2496 320 2554 stramen.
414 2493 436 2542 bl
453 2495 473 2540 L
491 2494 576 2540 addit:
586 2500 608 2539 et
625 2496 699 2540 etium
707 2510 816 2553 parmam
826 2497 891 2540 uitri
899 2496 1061 2553 qerautitutem
1071 2497 1207 2555 auctitabant,

128 2563 156 2602 ut
171 2559 273 2614 ttarurua
290 2559 407 2602 derniaior
423 2556 588 2616 (demissior),
605 2562 676 2616 atque
693 2559 775 2603 iniuria
793 2558 916 2602 concitatu
934 2558 1003 2603 toret.

160 2621 180 2674 c]
198 2619 345 2666 succedebat.
361 2622 448 2665 Porro.
576 2620 600 2676 ἀ)
618 2621 712 2665 sistere.
828 2623 848 2677 a)
865 2622 950 2666 ¹aeeirrai.
1045 2620 1069 2677 f)
1089 2623 1204 2668 rationali.

159 2683 185 2738 9)
203 2695 250 2740 quo
263 2682 334 2740 sueto
351 2681 433 2726 tubum
450 2683 473 2727 A
490 2684 612 2739 contiuuo,
628 2687 655 2727 ut
672 2688 752 2727 antea.
881 2684 906 2738 le)
924 2696 1006 2740 atqua.

160 2746 179 2800 i)
198 2745 342 2789 duraverat.
469 2745 493 2801 lc)
518 2745 614 2789 Vitium
626 2746 742 2802 planum.

162 2807 179 2858 l)
198 2806 390 2862 humectabatur,
407 2807 471 2850 unde
488 2809 573 2852 atatim.
590 2809 680 2864 conjeci
696 2822 749 2851 eam
766 2822 795 2852 ea
812 2808 876 2852 salia
883 2807 1205 2865 partita-afiartacarratae-a.

160 2877 194 2924 m)
215 2883 298 2928 neque.

160 2933 186 2986 ul
204 2933 332 2988 expectavi,
349 2932 427 2976 ullam
444 2933 568 2977 aliriolam
586 2934 656 2988 uitri,
673 2946 748 2990 aeque
766 2933 878 2990 aliquem.

161 2998 183 3045 o)
201 2995 250 3050 aed,
267 3009 297 3039 ex
314 2994 435 3051 affuaione
451 2996 558 3053 spiritua
575 2996 645 3050 uitri,
662 2997 748 3040 atatim
764 2997 860 3040 ultrum
879 2994 935 3039 lucie
952 2994 1084 3040 oriebatur.

158 3062 186 3114 pr)
204 3071 289 3114 quare.

159 3119 183 3177 q)
201 3119 272 3177 quod,
288 3120 355 3164 inter
375 3120 519 3177 liquandam
533 3125 622 3177 partes
639 3121 703 3164 uitri
719 3134 735 3164 a
751 3121 804 3165 aule
822 3120 864 3164 illo
880 3120 929 3176 fico
946 3133 994 3177 sep.

164 3193 187 3236 ν)
212 3186 234 3226 et
260 3183 372 3240 quantula
390 3183 492 3238 flamma
508 3187 594 3239 partes
611 3184 684 3226 etiam
700 3183 765 3238 fixae
783 3197 798 3227 a
814 3197 841 3227 ae
858 3183 972 3239 capellae,
989 3195 1031 3226 eoa
1047 3196 1095 3226 arou
1113 3184 1168 3226 crisi
1185 3200 1201 3227 a

128 3243 268 3290 volatilibus
284 3246 324 3301 (ut
341 3259 357 3288 a
373 3245 402 3288 cl.
419 3250 507 3289 autore
524 3245 653 3299 vocantur)
669 3245 817 3290 dissociatas
838 3259 854 3289 a
869 3259 894 3289 aa
911 3245 1017 3301 expellit.

159 3305 181 3355 a)
207 3306 249 3363 2⁰,
274 3307 338 3364 quod
357 3312 445 3364 portes
462 3307 498 3351 hcc
515 3307 634 3362 volatiles,
646 3311 779 3364 postquam
796 3307 869 3352 cericei
885 3321 900 3350 a
917 3308 969 3350 eale
985 3308 1005 3364 f.
1022 3307 1202 3360 alimoniarum,

126 3381 174 3413 recu
195 3373 302 3426 possunt
317 3373 423 3426 propter
438 3370 522 3415 vuinus
539 3371 685 3414 concitatum
702 3374 803 3424 motum,
820 3383 995 3426 sepeulturae
1012 3369 1118 3425 ejudem
1137 3371 1203 3413 acilia

126 3431 215 3475 ilerum
232 3432 370 3476 iuaiuuare.
497 3436 514 3484 t)
530 3446 607 3490 quare
626 3433 748 3490 aequitem,
766 3432 807 3488 3⁰,
825 3432 888 3489 qreocl
899 3436 986 3488 parites
997 3431 1071 3489 facua.
1088 3431 1112 3485 a)
1131 3436 1152 3475 et
1173 3433 1198 3475 iu

126 3494 184 3537 cre're
205 3492 307 3551 friqiclo
331 3495 357 3538 in
383 3494 496 3539 atirioioa
519 3496 585 3539 uitri
602 3499 785 3550 concreverant,
798 3499 887 3551 partes
905 3495 968 3538 uitri
979 3494 1094 3551 fueraut,
1112 3508 1126 3537 a
1145 3495 1200 3537 acela

125 3555 174 3610 fiac
199 3560 330 3613 separata,
355 3560 377 3600 et
400 3557 503 3611 ultrum,
526 3557 552 3601 iu
569 3559 633 3614 quod
650 3562 832 3612 concreverant,
850 3557 964 3613 ‹uuatulli
975 3557 1091 3614 fueraut,
1109 3555 1152 3612 qrii
1168 3570 1200 3599 ea·

125 3617 186 3661 salia
198 3617 315 3674 partibus
332 3618 472 3663 volutilibus
489 3618 641 3664 constabant.

156 3679 182 3735 a)
199 3680 227 3726 L.
245 3681 342 3726 omittit
358 3685 380 3725 et
397 3680 461 3739 quod
470 3711 489 3726 ..
500 3713 521 3726 ..
538 3694 597 3726 ease.

158 3745 182 3801 y)
200 3743 234 3789 L:
250 3744 332 3800 ampla
349 3744 382 3787 ael
397 3743 467 3787 erist.
485 3747 569 3800 apicem
587 3745 675 3800 aja-rum.

159 3806 181 3863 z)
199 3807 264 3851 uitri
279 3806 379 3863 filtrati.
