2662 4298
187 310 223 367 70
570 359 574 367 .
639 327 808 368 raaorirus

185 494 256 554 taim
278 497 398 554 subacta
418 494 482 566 hrit,
505 513 626 571 quorum
648 514 798 553 numerum
818 515 956 570 magnum
977 495 1067 553 fuisse
1081 496 1182 566 credo;
1197 516 1257 555 non

185 575 261 634 enim
280 575 352 634 mihi
372 575 546 651 persuadere
566 594 691 651 possum,
714 576 787 650 quod
809 575 909 634 statim
929 580 996 650 post
1016 579 1138 634 mortem
1157 577 1256 636 ‹losuae

186 675 293 727 omnes,
316 655 366 731 qui
386 655 449 731 ejus
469 660 605 730 portenta
625 655 767 727 viderant,
790 675 848 714 uno
868 659 1013 714 momento
1027 655 1190 731 perierunt;
1202 676 1257 715 nec

187 737 261 811 quod
293 754 391 794 eorum
415 755 595 794 successores
616 755 672 793 uno
694 741 762 794 actu
782 740 812 794 et
832 735 893 795 ictu
912 736 1026 810 legibus
1046 736 1256 808 valedixerunt,

187 821 217 874 et
239 835 276 874 ex
297 835 408 874 summa
429 815 538 874 virtute
558 814 588 873 in
609 835 748 874 summam
770 815 927 891 nequitiam
949 820 979 874 ct
999 816 1159 875 socordiam
1183 816 1257 892 lapsi

187 900 272 967 sunt;
301 915 354 954 nec
382 895 506 971 denique
527 896 603 971 quod
624 897 725 954 Kusan
746 895 929 971 Rishgataim
950 916 999 954 eos
1020 896 1128 954 dictum
1147 897 1257 955 factum

187 975 310 1050 subegit.
343 975 398 1034 Sed
430 995 495 1034 cum
525 976 628 1034 horum
659 975 775 1051 singula
799 980 916 1035 aetatem
936 977 997 1035 fere
1017 976 1176 1052 requirant,
1198 996 1257 1035 non

188 1056 306 1114 dubium
327 1060 372 1114 est
392 1055 461 1132 quin
483 1055 633 1131 Scriptura
654 1076 716 1132 cap.
739 1058 766 1115 2.
788 1077 864 1115 vers.
889 1058 914 1124 7.
937 1058 965 1128 9,
986 1057 1032 1115 10.
1044 1056 1111 1115 libri
1121 1057 1257 1116 Judicum

187 1136 324 1194 historias
343 1137 499 1194 mrdtorum
520 1156 661 1194 annorum
682 1137 940 1212 comprehenderit,
957 1156 1028 1212 quas
1038 1136 1153 1195 silentio
1164 1142 1257 1196 trans-

187 1216 274 1275 misit.
307 1216 381 1275 Sunt
411 1220 553 1292 praeterea
573 1217 697 1274 addendi
718 1217 796 1288 anni,
818 1217 921 1292 quibus
942 1217 1056 1276 Samuel
1075 1217 1132 1276 fuit
1151 1219 1255 1291 Judex,

188 1317 310 1373 quorum
331 1296 418 1354 etiam
439 1316 576 1355 numerus
596 1296 626 1354 in
648 1296 797 1372 Scriptura
817 1318 876 1356 non
896 1299 1029 1356 habetur.
1059 1297 1134 1356 Sunt
1154 1297 1257 1356 deinde

188 1377 312 1435 addendi
342 1376 526 1451 anniaregni
557 1376 659 1446 Saulis,
693 1396 765 1453 quos
795 1377 825 1435 in
860 1376 1008 1453 superiore
1041 1377 1257 1453 computatione

188 1457 279 1523 omisi.
302 1456 370 1533 quia
390 1476 428 1516 ex
449 1457 511 1532 ejus
531 1456 653 1515 historia
673 1477 731 1515 non
752 1458 824 1516 satis
844 1462 967 1530 constat,
990 1463 1060 1532 quot
1081 1478 1173 1516 annos
1192 1477 1257 1533 reg·

188 1537 316 1596 neverit:
339 1537 444 1595 dicitur
464 1536 579 1612 quidem
600 1557 662 1613 oap.
687 1539 732 1597 13.
755 1559 798 1596 va.
819 1540 844 1597 1.
857 1538 920 1598 libr.
936 1541 961 1596 l.
973 1537 1123 1614 Samuelis,
1135 1539 1257 1597 eundem

190 1619 261 1676 duos
292 1636 383 1675 annos
410 1616 588 1691 regnavisse,
610 1618 659 1675 sed
681 1622 711 1675 et
730 1618 779 1677 ille
799 1623 899 1677 textus
920 1623 1073 1676 truncatus
1094 1623 1148 1689 est,
1170 1623 1200 1677 et
1220 1638 1258 1676 ox

188 1697 252 1772 ipsa
282 1697 404 1756 historia
434 1697 571 1773 majorem
592 1717 742 1756 numerum
764 1698 933 1773 colligimus.
957 1699 1039 1768 Quod
1060 1703 1158 1757 textus
1178 1704 1258 1757 trun-

187 1781 270 1836 catus
300 1777 348 1850 sit,
378 1796 471 1849 nemo,
504 1777 554 1853 qui
584 1779 737 1837 Hebraeam
768 1777 897 1854 linguam
928 1779 976 1836 vel
1007 1798 1025 1836 a
1049 1778 1141 1855 primo
1161 1778 1260 1837 limine

185 1907 335 1979 salutavit,
357 1908 490 1967 cubitare
510 1912 615 1983 potest.
638 1908 684 1967 se
704 1908 781 1966 enim
801 1907 912 1984 incipit,
933 1878 1027 1966 nter
1046 1878 1130 1969 tur
1147 1911 1213 1969 nm
1229 1912 1260 1994 12

188 2035 291 2123 'tw'
309 2033 351 2129 ἱ111
368 2033 431 2147 ’1113
447 2065 521 2124 1111)
539 2065 613 2125 'nrt
633 2085 743 2124 canum
764 2074 850 2125 notras
871 2075 933 2126 erat
953 2069 1026 2126 Saul
1040 2087 1104 2126 curu
1119 2075 1263 2144 repserat,

187 2189 213 2241 et
235 2184 307 2241 duos
327 2203 418 2241 annos
439 2186 567 2261 reparavit
586 2201 679 2258 supro
699 2183 842 2240 loreolam.
859 2181 937 2253 Quis,
952 2182 1080 2258 inquam,
1095 2203 1153 2240 non
1168 2182 1258 2254 videt,

187 2282 337 2321 numerum
369 2284 510 2323 annorum
543 2263 640 2322 aetatis
671 2260 773 2334 Saulis
800 2282 864 2320 cum
885 2282 1008 2337 regnum
1028 2263 1152 2338 adeptus
1172 2267 1257 2335 esset,

187 2343 323 2401 omissum
358 2349 442 2403 esse?
484 2345 526 2402 At
559 2345 636 2420 quod
671 2363 709 2402 ex
741 2343 806 2418 ipsa
840 2341 961 2401 historia
994 2343 1087 2417 major
1121 2362 1259 2402 numerus

188 2424 376 2494 concluditur,
410 2425 495 2483 credo
526 2424 668 2482 neminem
704 2423 792 2481 etiam
824 2422 965 2482 dubitare.
1001 2422 1075 2480 Nam
1110 2443 1174 2498 cap.
1211 2425 1259 2482 27.

188 2523 263 2561 vers.
297 2505 323 2562 7.
355 2505 482 2578 ejusdem
512 2504 578 2562 libri
609 2505 741 2572 habetur,
770 2503 846 2578 quod
867 2503 962 2561 David
987 2504 1063 2578 apud
1084 2503 1258 2576 philistaeos,

188 2583 224 2640 ad
257 2601 328 2657 quos
359 2588 479 2658 propter
510 2583 626 2641 Saulum
652 2581 791 2657 confugit,
815 2586 945 2641 moratus
965 2583 1020 2641 fuit
1041 2603 1130 2641 unum
1151 2604 1260 2642 annum

188 2666 218 2720 et
249 2667 374 2737 quatuor
399 2683 528 2722 menses:
552 2683 641 2738 quare
662 2682 700 2720 ex
722 2664 776 2720 hac
797 2663 1012 2739 computatione
1033 2663 1144 2739 reliqua
1165 2663 1260 2739 spatio

188 2746 252 2800 octo
283 2742 424 2801 mensium
455 2743 624 2818 contingere
655 2743 825 2814 debuerunt,
858 2744 933 2817 quod
968 2742 1110 2802 neminem
1143 2745 1260 2803 credere

189 2821 330 2881 existimo.
368 2825 515 2899 Josephus
550 2824 652 2882 saltem
686 2823 716 2881 in
751 2824 808 2881 fine
839 2821 905 2881 libri
936 2824 1013 2881 sexti
1043 2823 1261 2900 Antiquitatum

188 2907 302 2960 textum
323 2903 364 2961 sic
384 2904 510 2963 correxit
531 2906 669 2980 Repnood
691 2907 786 2980 itaque
808 2905 881 2962 Saul
903 2906 1033 2962 Samuele
1054 2907 1262 2963 vicentecnnos

189 2985 281 3041 decem
312 2991 337 3041 et
368 2993 436 3056 octe,
469 2987 605 3043 moriente
639 2991 733 3043 cutam
772 2985 843 3042 ulios
875 2987 953 3043 dorca.
998 2984 1073 3054 Quin
1103 2989 1167 3042 tota
1201 2986 1263 3044 haec

189 3063 310 3121 historia
341 3084 404 3139 cap.
438 3066 485 3124 13.
507 3065 691 3123 nullomodo
713 3084 776 3122 cum
798 3065 1036 3123 antecedentibus
1058 3064 1204 3125 convenit.
1227 3066 1260 3123 In

188 3143 245 3201 fine
276 3163 338 3219 cap.
370 3146 396 3204 7.
426 3150 572 3216 narratur,
597 3146 672 3220 quod
693 3144 833 3203 Philistaei
851 3147 888 3202 ab
910 3144 1041 3204 Hebraeis
1063 3144 1105 3202 ita
1125 3144 1262 3204 debellati

188 3223 314 3294 fuerunt,
348 3229 460 3283 utnon
480 3225 589 3284 fuerint
610 3225 673 3284 ausi
693 3224 810 3284 vivente
832 3224 964 3284 Samuele
985 3224 1124 3283 terminos
1144 3225 1262 3284 Israelis

188 3303 318 3379 ingredi3
351 3310 382 3363 at
413 3305 468 3377 hio,
500 3307 574 3380 quod
607 3305 724 3365 Hebraei
752 3305 880 3378 (vivente
902 3305 1045 3379 Samuele)
1067 3326 1084 3363 a
1106 3305 1260 3365 Philistaeis

188 3383 376 3456 invaduntur,
398 3405 416 3444 a
436 3385 540 3460 quibus
562 3386 597 3444 ad
619 3391 732 3445 tantam
742 3385 885 3443 miseriam
898 3391 926 3444 et
938 3390 1140 3461 paupertatem
1151 3385 1261 3444 redacti

189 3464 314 3536 fuerant,
346 3469 380 3523 ut
404 3466 500 3537 armis,
523 3467 627 3542 quibus
648 3487 678 3524 se
700 3466 853 3524 defendere
873 3471 1000 3543 possent,
1023 3465 1261 3538 destituerentur,

190 3549 219 3603 et
248 3544 367 3620 insuper
397 3545 498 3604 mediis
529 3547 629 3605 eadem
660 3544 839 3605 conficiendi.
872 3547 1009 3605 Sudarem
1042 3566 1112 3604 sane
1133 3546 1215 3618 satis,
1236 3545 1260 3605 si

190 3644 289 3683 omnes
310 3626 364 3683 has
384 3625 529 3698 historiae,
552 3647 616 3702 quae
638 3627 668 3686 in
689 3629 744 3685 hoo
765 3625 857 3701 primo
867 3626 940 3685 libro
952 3626 1092 3686 Samuelis
1104 3626 1258 3698 habentur,

189 3705 232 3763 ita
263 3725 384 3764 conarer
403 3706 565 3777 conciliare,
587 3712 620 3765 ut
641 3727 740 3765 omnes
762 3709 798 3764 ab
818 3727 876 3764 uno
898 3707 1034 3765 historico
1057 3707 1208 3783 descriptae
1229 3705 1259 3765 et

191 3785 331 3846 ordinatae
362 3785 539 3846 viderentur.
567 3787 622 3846 Sed
643 3789 680 3846 ad
701 3806 796 3846 meum
817 3788 995 3863 propositum
1016 3791 1157 3846 revertor.
1179 3787 1259 3845 Anni
