2662 4298
574 378 715 418 errorem
736 378 853 421 XXXVII.

419 557 636 614 Er1srone
656 557 797 615 XXXVII
819 558 894 614 (01:111
909 558 981 616 Μ)

409 718 581 775 Doctieec‘mo
608 718 867 794 Expertieeimoqae
898 719 968 777 Viro
981 721 997 750 ⁴*

380 877 408 934 J.
430 877 464 934 B.
487 876 730 949 [Bnessraq
762 881 806 935 ut
837 876 1026 951 videtur]

637 1037 670 1094 B.
692 1055 720 1094 n.
743 1036 771 1094 S.

248 1196 420 1252 Doctisec'me
449 1197 510 1265 Vir,
532 1195 633 1253 Amice
652 1197 811 1272 eupatoris
830 1198 872 1268 Ἠ,

113 1311 118 1397 i
206 1354 253 1411 Ad
275 1353 391 1411 ultimas
411 1357 478 1412 tuas
498 1314 607 1424 literas,
623 1354 728 1413 dudum
741 1374 815 1414 ame
826 1359 969 1432 acceptae,
982 1356 1107 1414 antehac
1117 1375 1236 1431 respon-

111 1472 116 1493 .«
164 1435 233 1492 dere
266 1454 325 1492 non
355 1433 452 1509 potui;
483 1433 526 1492 ita
556 1433 645 1492 variis
677 1435 912 1510 occupationibus
941 1441 971 1494 et
998 1435 1237 1495 sollicitudinibus

109 1554 113 1590 :
164 1513 321 1589 impeditus
341 1513 392 1585 fui,
414 1518 448 1572 ut
467 1513 516 1572 vix
537 1515 654 1572 tandem
675 1535 721 1573 me
732 1517 869 1591 expedire
880 1515 1038 1592 potuerim;
1050 1516 1117 1574 nolo
1128 1520 1236 1587 tamen,

165 1593 400 1670 quandoquidem
432 1593 558 1652 animum
580 1594 790 1671 aliquantisper
810 1597 937 1672 recipere
958 1596 1036 1669 licet,
1058 1616 1121 1655 meo
1143 1596 1236 1656 officio

163 1676 272 1747 deesse,
306 1674 356 1732 sed
387 1673 441 1732 tibi
462 1674 671 1750 quamprimum
692 1676 835 1735 maximas
855 1696 943 1751 agere
964 1676 1075 1752 gratias
1095 1677 1161 1736 volo
1182 1696 1235 1752 pro

164 1774 262 1813 amore
283 1760 370 1829 atque
391 1754 484 1813 officio
505 1774 575 1829 erga
594 1775 641 1814 me
661 1759 720 1827 tuo,
743 1758 819 1832 quod
840 1756 948 1833 saepius
969 1776 1064 1833 opere,
1083 1757 1144 1834 jem
1166 1775 1234 1816 vero

162 1834 255 1893 literis
286 1835 373 1893 etiam
394 1834 466 1893 satis
486 1854 630 1911 superque
650 1841 776 1895 testatus
796 1857 836 1908 es,
858 1842 913 1896 etc.
946 1837 1074 1896 Transeo
1096 1838 1132 1895 ad
1153 1841 1235 1896 tuam

164 1914 356 1991 quaestionem
368 1918 427 1987 *„*‚
450 1934 513 1990 quae
533 1915 574 1973 sic
595 1935 626 1974 se
646 1917 743 1988 habet,
766 1922 896 1992 nempe†
918 1937 957 1976 on
976 1919 1236 1994 aliquodeturaut

162 1998 232 2054 dori
248 1998 340 2070 possit
362 1997 512 2054 Methodas
532 1997 609 2067 tolie,
632 2016 691 2071 qao
704 1998 841 2070 inoffenso
851 1999 925 2072 pede
938 2000 970 2056 in
978 2000 1233 2072 prestantissima-

162 2095 229 2134 rom
260 2096 360 2134 reram
393 2077 560 2151 copitatione
589 2078 650 2134 sinc
670 2079 755 2135 toedc'o
770 2096 892 2154 perpere
906 2077 1077 2152 posumus?
1098 2096 1137 2135 aa
1158 2097 1232 2153 vero,

162 2158 403 2232 quenadmodum
428 2175 553 2230 corporo
574 2167 682 2228 nostro,
699 2160 740 2215 sic
761 2160 847 2215 etiem
867 2158 1232 2216 nientescoeibceobnoxioe

161 2238 227 2306 siat,
257 2243 281 2293 et
299 2238 420 2310 fortune
441 2238 533 2311 mepte
554 2255 642 2311 quom
663 2244 725 2295 arte
745 2239 925 2314 capitatione
945 2245 1050 2296 nostroe
1069 2237 1233 2313 reparetur?

162 2315 272 2385 Quibus
304 2335 349 2374 me
380 2315 597 2374 satisfacturum
628 2320 708 2391 puto,
740 2316 766 2374 si
786 2318 945 2391 ostendam,
969 2318 1045 2392 quod
1066 2317 1229 2376 necessario

162 2397 265 2454 debeat
293 2395 355 2454 dari
376 2396 540 2467 Methodus,
563 2415 620 2472 qua
641 2402 756 2455 nostras
777 2397 870 2455 claras
891 2402 920 2456 et
941 2396 1092 2457 distinctas
1113 2416 1230 2473 percep·

161 2474 255 2534 tiones
288 2476 413 2550 dirigere
443 2480 473 2534 et
504 2480 695 2535 concatenare
725 2496 885 2552 possumus,
916 2481 945 2535 et
970 2478 1045 2553 quod
1065 2477 1230 2536 intellectus

160 2555 287 2627 nonsit,
309 2556 400 2614 veluti
421 2576 534 2632 corpus,
556 2556 671 2616 casibus
692 2557 843 2616 obnoxius.
877 2558 959 2628 Quod
981 2557 1096 2634 quidem
1118 2577 1155 2616 ex
1176 2558 1231 2616 hoc

160 2637 221 2694 solo
254 2641 377 2707 constat,
399 2637 475 2712 quod
496 2656 555 2695 una
575 2637 655 2696 clara
675 2641 705 2696 et
726 2636 863 2698 dmtincta
882 2638 1039 2714 perceptio,
1061 2642 1112 2696 aut
1132 2639 1231 2714 plures

160 2717 254 2786 simul,
286 2721 408 2792 possunt
440 2718 570 2776 absolute
597 2737 661 2776 esse
680 2738 769 2777 causa
789 2718 910 2778 alterius
931 2719 1016 2778 clarae
1037 2723 1067 2777 et
1087 2717 1230 2778 distinctae

159 2796 362 2872 perceptionis.
395 2797 456 2854 Imo
485 2816 584 2856 omnes
604 2798 689 2857 olarae
709 2802 740 2856 et
760 2799 905 2859 distinctae
926 2798 1135 2875 perceptiones,
1158 2818 1231 2874 quas

159 2877 327 2947 formamus,
358 2896 418 2935 non
447 2883 570 2952 possunt
603 2877 674 2936 oriri
698 2878 754 2937 nisi
787 2881 824 2938 ab
845 2879 909 2937 aliis
929 2879 1015 2938 claris
1035 2883 1065 2938 et
1086 2878 1230 2938 distinctis

159 2955 402 3031 perceptionibus,
435 2976 500 3032 quae
530 2957 561 3016 in
592 2957 675 3016 nobis
704 2963 781 3031 sunt,
813 2979 867 3018 nec
889 2959 975 3017 ullam
1006 2958 1091 3017 aliem
1112 2978 1229 3017 oausam

159 3040 244 3094 extra
272 3056 325 3094 nos
354 3041 524 3110 agnoscunt.
556 3038 640 3096 Unde
660 3039 799 3114 sequitur,
821 3059 893 3115 quas
913 3039 1007 3098 claras
1028 3042 1057 3097 et
1078 3038 1229 3097 distinctas

158 3116 360 3191 perceptiones
391 3117 556 3190 formamus,
586 3138 604 3176 a
637 3119 699 3177 sola
728 3123 829 3178 nostra
859 3122 965 3177 natura
995 3118 1114 3194 ejusque
1142 3118 1229 3177 certis

158 3201 188 3255 et
209 3196 273 3254 fixis
304 3195 426 3272 legibus,
457 3198 591 3273 pendere,
613 3199 669 3257 hoc
689 3203 734 3257 est
754 3202 791 3258 ab
812 3200 946 3258 absoluta
965 3202 1067 3258 nostra
1087 3197 1227 3273 potentia,

157 3296 216 3335 non
244 3296 313 3335 vero
334 3297 352 3335 a
373 3277 499 3352 fortuna,
523 3279 579 3338 hoc
600 3282 644 3338 est
664 3299 683 3338 a
703 3279 807 3346 causis,
829 3278 962 3356 quamvis
982 3277 1070 3338 certis
1091 3277 1229 3337 etiamst

188 3517 198 3536 '
225 3517 305 3562 Vetus
332 3516 478 3576 exemplum
502 3516 556 3566 Ms.
581 3517 768 3579 imperfectum,
792 3522 861 3579 quod
885 3520 1070 3567 Ametelodemi
1094 3533 1145 3567 une
1169 3534 1227 3567 cum

158 3576 274 3636 Spinozae
299 3579 467 3638 autographis
491 3582 623 3628 serretur:
648 3583 733 3628 Amico
756 3596 769 3628 c
793 3583 949 3630 multie·uni
969 3581 1041 3630 Dom.
1058 3583 1088 3630 N.
1105 3583 1135 3629 N
1152 3583 1182 3628 B.
1199 3584 1227 3628 de

158 3649 267 3707 Spinoea
287 3637 404 3710 χαίρειν.

188 3710 211 3730 ““
229 3713 313 3756 Antioc
328 3713 474 3758 charissime
490 3719 513 3759 et
528 3713 631 3760 cohnde

188 3773 224 3831 ζ*
242 3775 283 3819 Ad
299 3779 367 3820 tuam
384 3776 469 3834 itaque
485 3791 507 3835 q.
524 3780 632 3824 transeo.

187 3839 201 3889 †
218 3836 334 3882 videlicet.
