2662 4298
484 336 624 374 nrrsrona
651 336 708 375 avr.
1066 320 1124 377 377

53 522 123 560 mea
154 504 244 560 verba
277 501 393 578 penitus
424 523 488 562 eum
519 503 643 562 veritate
674 503 857 562 concordare.
887 503 916 562 si
938 505 1123 576 affirmamus,

54 583 151 640 Deum
173 582 300 657 potuisse
322 603 382 641 rem
394 603 452 642 non
463 585 545 655 velle,
558 589 587 642 et
601 603 661 641 non
672 583 799 658 potuisse
810 603 874 641 eam
885 603 944 642 nou
954 583 1125 659 intelligere,

54 663 121 720 Deo
143 663 272 720 diversas
286 663 470 722 attribuimus
480 663 637 733 libertates,
653 665 773 722 alteram
787 664 988 734 necessariam,
1006 664 1126 723 alteram

53 742 284 812 indifferentem
307 748 336 801 et
357 749 566 820 consequenter
587 743 640 801 Dei
665 745 844 802 voluntatem
866 747 902 802 ab
925 745 1051 803 essentia
1073 765 1126 803 sua
1155 779 1157 783 ·

54 842 168 898 suoque
198 823 348 881 intellectu
370 824 513 882 diversam
535 824 734 900 concipiemus
757 830 786 882 et
806 825 861 882 hoc
881 829 966 900 pacto
987 824 1017 882 in
1039 824 1126 883 aliam

54 923 92 961 ac
114 903 199 960 aliam
219 903 378 962 incidemus
398 905 616 962 absurditatem.
683 946 687 951 -

98 983 240 1054 Attentio,
273 1004 358 1058 quam
389 984 420 1042 in
440 984 616 1060 praecedenti
636 1004 701 1042 mea
721 1004 884 1058 exegeram,
907 1005 964 1042 non
987 985 1039 1042 tibi
1061 985 1124 1044 visa

54 1067 104 1122 est
126 1063 304 1134 necessaria;
327 1069 356 1122 et
376 1065 431 1123 hoc
451 1065 507 1123 fuit
527 1065 556 1122 in
577 1085 673 1135 causa,
697 1065 772 1140 quod
794 1064 986 1139 cogitationes
1007 1070 1073 1122 tuas
1093 1065 1125 1123 in

55 1143 237 1220 praecipuum
258 1165 316 1202 non
338 1145 481 1215 defixeris,
503 1145 637 1220 illudque,
661 1145 736 1220 quod
758 1164 843 1220 quam
859 1141 988 1202 ¹maxima
1010 1147 1046 1203 ad
1064 1165 1125 1203 rem

54 1223 189 1297 faciebat,
212 1224 384 1299 neglexeris

96 1304 195 1375 Porro,
218 1304 266 1362 ubi
288 1305 366 1375 diois,
388 1305 413 1363 si
426 1305 456 1362 in
475 1306 535 1362 Deo
548 1310 642 1363 aetum
655 1304 780 1374 videndi,
792 1304 935 1376 audiendi,
948 1304 1123 1377 attendendi,

52 1384 180 1454 volendi,
208 1390 273 1454 etc,
302 1405 407 1460 eosque
429 1385 458 1442 in
480 1405 513 1443 eo
535 1405 597 1443 essa
618 1384 786 1455 eminenter,
808 1405 892 1459 neg0,
916 1385 992 1459 quod
1014 1391 1042 1442 ta
1063 1391 1124 1442 tum
1198 1413 1202 1419 ·

55 1465 149 1522 lateat
179 1464 291 1539 qualem
323 1467 444 1525 habeam
478 1467 585 1536 Deum;
619 1465 686 1522 hinc
717 1465 848 1540 suspicor
868 1470 897 1522 te
919 1467 1044 1535 credere,
1068 1486 1125 1523 non

51 1544 193 1620 majorem
225 1565 288 1602 esse
319 1545 532 1621 perfectionem,
565 1565 650 1620 quam
682 1566 746 1621 quae
781 1545 946 1603 memoratis
976 1545 1109 1604 attribut'

54 1624 195 1698 explicari
216 1630 320 1700 potest.
348 1627 421 1684 Haec
442 1646 501 1684 non
522 1625 617 1695 miror,
641 1625 708 1701 quia
729 1626 825 1694 credo,
847 1626 924 1700 quod
938 1625 1124 1700 triangulum,

54 1704 197 1779 siquidem
237 1706 372 1779 loquendi
402 1707 523 1764 haberet
555 1707 730 1776 facultatem,
763 1707 862 1764 eodem
893 1706 976 1764 modo
1008 1706 1125 1774 diceret,

55 1786 151 1843 Deum
173 1785 331 1844 eminenter
354 1786 561 1860 triangularem
577 1806 648 1856 esse,
660 1791 690 1844 et
701 1787 832 1855 circulus,
843 1785 980 1844 Divinam
992 1791 1126 1844 naturam

54 1864 196 1923 eminenti
227 1866 339 1924 ratione
371 1867 540 1925 circularem
571 1887 650 1924 esse:
673 1871 702 1924 at
722 1868 777 1924 hac
798 1867 911 1924 ratione
932 1866 1053 1941 quilibet
1073 1887 1125 1924 sua

54 1945 199 2003 attributa
219 1947 281 2003 Deo
303 1947 488 2017 adscriberet,
511 1947 688 2021 similemque
703 1966 734 2004 se
744 1948 805 2003 Deo
817 1947 959 2016 redderet,
971 1946 1124 2021 reliquum·

55 2045 116 2101 que
138 2026 163 2083 ei
185 2026 311 2084 deforme
333 2027 492 2085 videretur.⁴

97 2105 236 2180 Epistulae
258 2106 389 2181 parvitas
409 2112 439 2165 et
460 2106 597 2181 temporis
618 2106 754 2181 angustia
773 2125 831 2164 non
853 2105 960 2176 sinunt,
982 2111 1015 2164 ut
1031 2125 1124 2163 meam

54 2187 94 2244 da
126 2186 232 2244 Divina
263 2192 369 2245 natura
396 2186 578 2255 sententiam,
605 2187 842 2261 Quaestionesque
864 2206 881 2243 a
901 2191 931 2243 te
952 2185 1124 2261 propositae,

56 2268 220 2338 enucleam,
243 2272 435 2342 praeterquam
457 2267 532 2343 quod
547 2266 734 2325 difficultates
745 2267 868 2342 objicere
879 2285 937 2324 non
948 2266 986 2324 sit
996 2267 1126 2341 proferre

56 2347 194 2405 rationes
226 2347 286 2405 Nos
306 2347 336 2404 in
357 2348 463 2405 mundo
484 2348 574 2404 multa
595 2367 632 2404 ax
653 2348 819 2421 conjectura
832 2347 935 2417 facere,
951 2366 1051 2404 verum
1063 2351 1124 2417 est;

56 2427 118 2500 sed,
141 2446 194 2484 nos
213 2432 329 2485 nostras
349 2448 387 2486 ex
408 2428 573 2501 conjectura
594 2429 701 2485 habere
722 2426 930 2496 meditationes,
953 2431 998 2484 est
1011 2427 1124 2484 falsum.

56 2507 95 2565 In
126 2507 269 2566 communi
290 2508 351 2565 vita
372 2507 619 2577 verisimillimum,
640 2508 670 2565 in
692 2506 941 2583 speculationibus
962 2527 1032 2564 vero
1053 2506 1126 2564 veri·

58 2592 151 2645 tatem
174 2587 303 2662 cogimur
324 2588 413 2662 sequi.
445 2589 540 2646 Homo
562 2588 610 2646 siti
631 2593 660 2646 et
680 2589 756 2645 fame
777 2587 893 2662 periret,
916 2587 949 2658 si,
971 2592 1126 2662 antequam

57 2668 217 2744 perfectam
249 2667 420 2726 obtinuisset
451 2669 733 2739 demonstrationem,
767 2668 861 2728 cibum
889 2687 923 2725 ao
954 2673 1054 2743 potum
1072 2666 1126 2725 sibi

60 2748 252 2823 profuturum,
275 2749 359 2806 edere
380 2754 433 2807 aut
453 2748 550 2806 bibare
565 2748 662 2807 nollet.
684 2750 717 2806 Id
729 2753 824 2807 autem
836 2748 866 2806 in
878 2747 1126 2823 Contemplatioue

57 2828 152 2886 locum
173 2848 231 2886 non
256 2830 352 2886 habet.
384 2831 511 2887 Econtra
532 2831 691 2887 cavendum
713 2829 795 2886 uobis
817 2834 870 2898 est,
893 2828 1047 2905 quicquam
1062 2834 1125 2885 tan·

57 2928 144 2982 quam
175 2928 276 2967 verum
309 2908 469 2978 admittere,
503 2909 576 2983 quod
608 2909 783 2967 solummodo
815 2908 968 2966 verisimile
995 2913 1055 2966 est:
1077 2907 1126 2966 ubi

56 2988 135 3046 enim
156 3008 243 3046 unam
264 2989 430 3047 admisimus
450 2989 616 3057 falsitatem,
638 2989 758 3046 infinitae
781 2993 950 3064 sequuntur.

98 3069 190 3126 Porro
223 3068 299 3136 hinc,
322 3070 396 3143 quod
418 3069 532 3127 Divinae
554 3074 583 3127 et
604 3070 737 3127 humanae
759 3068 887 3126 scientiae
909 3067 1007 3127 multis
1027 3066 1125 3125 litibus

53 3153 86 3206 et
121 3149 326 3207 controversiis
357 3148 475 3224 repletae
497 3154 573 3219 sunt,
595 3149 695 3224 nequit
716 3148 855 3219 concludi,
878 3169 912 3206 ea
933 3147 1037 3216 omnia,
1061 3167 1125 3222 quae

55 3229 86 3286 in
118 3229 154 3286 iis
185 3234 358 3299 tractantur,
392 3230 503 3288 incerta
534 3249 614 3287 esse:
637 3229 769 3304 quoniam
791 3228 907 3304 plurimi
927 3229 1054 3298 fuerunt,
1077 3227 1126 3302 qui

54 3314 141 3369 tanto
162 3310 377 3368 contradicendi
398 3310 493 3368 studio
514 3312 696 3379 tenebantur,
718 3315 752 3366 ut
766 3309 852 3367 etiam
864 3307 1126 3366 demonstrationes

56 3389 255 3448 Geometricas
285 3390 439 3448 irriserint.
462 3390 568 3448 Sextus
588 3389 757 3465 Empiricus
780 3389 885 3464 aliique
907 3387 1029 3462 Sceptici
1052 3407 1124 3462 quos

55 3470 138 3540 citae,
172 3469 271 3528 dicunt
298 3471 402 3529 falsum
424 3468 498 3540 esse,
518 3471 594 3546 quod
615 3475 708 3528 totum
729 3489 782 3528 sua
801 3474 885 3544 parte
905 3468 999 3542 majus
1021 3473 1073 3539 est,
1096 3473 1126 3526 et

57 3551 99 3608 sio
121 3552 156 3608 de
177 3550 292 3609 caeteris
310 3551 442 3625 judicant
463 3550 664 3608 axiomatibus.

95 3632 137 3689 Ut
159 3650 228 3688 vero
248 3631 472 3706 praetermittam
494 3650 528 3689 ao
550 3632 703 3688 concedam
719 3635 744 3700 *,
765 3650 827 3700 noa,
850 3628 1126 3687 demonstrationum

87 3765 185 3873 'bVepis
204 3763 276 3823 Belg.
293 3790 323 3796 -—
339 3765 386 3810 Ed.
403 3765 457 3811 Pr.:
480 3765 508 3808 Ut
524 3778 586 3821 vero,
598 3765 777 3822 praetermisso,
794 3777 822 3808 ac
837 3776 955 3819 concesso,
966 3762 1061 3821 absque
1072 3762 1125 3807 ullo

57 3842 102 3875 ver
122 3841 137 3873 o
173 3829 235 3873 nito.
