2662 4298
576 352 715 392 semrom
735 354 779 392 111.
1147 335 1203 392 201

129 526 162 580 et
194 520 402 580 concinnandae
435 518 552 577 Artium
584 518 818 578 Mechanicarum
850 518 989 578 Historiae
1010 519 1205 587 immoramur,

132 607 230 661 ratum
262 601 412 671 habentes,
435 619 473 658 ex
495 598 651 674 Principiis
673 599 850 658 Machanicis
870 601 978 658 formas
999 604 1029 658 et
1050 598 1206 674 qualitates

131 701 229 740 rerum
261 680 369 756 optime
399 699 483 755 posse
515 678 662 754 explicari,
695 684 725 738 et
750 700 803 755 per
823 684 941 751 motum,
963 681 1096 754 figuram,
1119 683 1206 754 atque

130 767 288 831 texturam,
311 765 340 818 et
361 760 458 818 varias
479 779 577 818 corum
599 759 834 835 complicationes
854 758 951 818 omnia
970 759 1088 819 Naturae
1103 760 1205 818 effecta

130 841 261 918 produci,
283 860 337 899 nec
358 860 431 916 opus
451 859 524 909 esse,
546 844 579 897 ut
600 841 637 898 ad
657 841 766 899 formas
780 840 997 916 inexplicabiles
1008 845 1038 898 et
1050 839 1205 915 qualitates

131 923 269 992 occultas,
302 940 354 979 ceu
386 919 560 995 ignorantiae
592 921 714 995 asylum,
746 940 937 979 recurramus
968 920 1097 990 Librum,
1119 938 1204 995 quem

130 1001 259 1078 promisi,
292 1001 345 1059 tibi
367 1000 572 1071 transmittam,
595 1020 681 1075 quam
701 1000 825 1076 primum
846 1000 951 1076 Legati
971 1000 1063 1059 vestri
1084 999 1203 1075 Belgici‚

130 1082 182 1158 qui
203 1081 249 1140 hic
269 1085 371 1156 agunt,
394 1080 529 1139 nuncium
551 1079 676 1155 aliquem
697 1085 743 1154 (ut
763 1101 839 1156 saepe
860 1082 956 1139 facere
971 1080 1076 1155 solent)
1089 1081 1205 1154 Hagam

128 1161 251 1221 Comitis
282 1161 446 1236 expedient,
470 1165 520 1219 aut
541 1160 752 1236 quamprimum
773 1161 893 1220 Amicus
913 1160 1032 1236 quidam
1054 1160 1136 1232 aliua,
1159 1159 1205 1219 cui

130 1247 195 1302 tuto
227 1262 291 1300 eum
323 1241 502 1299 committere
532 1240 649 1316 possim,
682 1242 719 1299 ad
750 1261 803 1300 vos
824 1245 970 1300 excurret.
992 1240 1116 1299 Veniam
1136 1244 1204 1314 peto

130 1343 202 1381 meae
225 1321 387 1397 prolixitati
410 1326 439 1380 ct
459 1321 598 1392 libertati,
620 1325 709 1396 atque
732 1321 816 1380 unice
836 1341 917 1396 rogo,
939 1325 973 1378 ut
987 1341 1053 1396 quaa
1065 1319 1127 1378 sine
1138 1318 1205 1378 ullis

128 1402 288 1461 involucris
309 1407 338 1460 et
360 1400 514 1477 elegantiis
536 1401 636 1460 aulicis
657 1401 746 1460 libere
767 1402 803 1460 ad
825 1406 891 1460 tuas
912 1400 1036 1477 reposui,
1058 1400 1089 1458 in
1100 1403 1204 1459 bonam

129 1487 254 1559 partem,
278 1487 311 1540 ut
332 1482 417 1540 amici
438 1483 541 1552 solent,
563 1481 696 1557 accipias
719 1501 821 1557 meque
839 1482 940 1540 credas
950 1480 1012 1540 sine
1023 1481 1089 1539 fuco
1101 1485 1131 1539 et
1141 1485 1205 1538 arte

757 1617 822 1674 Tibi
842 1615 1084 1674 Addictissimum

852 1722 949 1780 Hans.
972 1722 1162 1781 Oroanacac.

157 1829 261 1879 Londini,
276 1829 312 1870 dic
327 1830 359 1870 ¹27.
374 1829 490 1881 Septemb.
506 1829 565 1869 lttl.

590 1956 750 1981 4——

508 2097 826 2156 Eprsroran.
902 2152 904 2156 Α

411 2233 479 2290 Viro
504 2231 685 2289 Nobilissimo
707 2250 740 2287 uc
761 2230 931 2287 Doctissimc

341 2363 578 2423 HENRIGO
611 2362 991 2422 OLDENBURGIO

603 2499 637 2558 B.
660 2518 687 2556 n.
711 2498 738 2556 S.

443 2633 598 2708 Responsio
620 2633 659 2690 ad
675 2633 891 2707 procedentem.

238 2794 288 2851 Vir
312 2794 483 2861 Clarissima,

172 2929 245 2985 llum
265 2946 336 3002 paro
357 2925 399 2984 ire
421 2925 686 2994 Amstelaedamum,
709 2928 741 2981 ut
761 2923 802 2982 ibi
823 2923 1032 2982 hebdomadam
1053 2943 1140 2981 unam
1164 2943 1198 2980 ac

126 3010 250 3067 alteram
282 3025 448 3076 commorer,
480 3010 561 3064 tuam
592 3023 730 3080 perquam
764 3008 877 3079 gratam
909 3003 1059 3079 epistolam
1092 3002 1199 3078 accepi,

126 3093 251 3164 tuasque
273 3086 448 3162 objectiones
467 3085 497 3143 in
518 3090 586 3150 tres.
610 3104 682 3159 quas
692 3083 767 3155 misi,
780 3083 997 3159 Propositiones
1007 3082 1067 3141 vidi
1078 3106 1084 3154 ;
1097 3083 1201 3158 quibus

127 3169 205 3238 solis,
228 3168 341 3226 caeteris
362 3171 482 3242 propter
502 3164 640 3240 temporis
661 3164 834 3223 brevitatem
846 3163 966 3232 omissis,
979 3165 1105 3221 conabor
1115 3162 1199 3221 satis-

126 3250 232 3307 facere.
258 3249 300 3305 Ad
320 3250 450 3323 primum
470 3246 568 3321 itaque
590 3245 662 3316 dico,
684 3246 760 3320 quod
780 3264 839 3303 non
859 3264 897 3302 ex
919 3242 1085 3302 definitione
1106 3243 1199 3318 cujus·

126 3348 240 3404 cunque
258 3328 298 3386 rei
318 3327 449 3402 sequitur
463 3325 617 3385 existentia
630 3325 671 3384 rei
687 3324 826 3385 definitae:
838 3325 887 3382 sed
902 3324 1101 3382 tantummodo
1117 3322 1201 3392 (utin

125 3409 251 3473 Scholia.
274 3408 349 3484 quod
366 3407 458 3465 tribus
474 3405 721 3482 propositionibus
736 3404 864 3481 adjunxi,
881 3402 1090 3477 demonstravi)
1105 3403 1199 3478 sequi·

124 3495 175 3547 tur
197 3509 234 3547 ex
255 3487 421 3547 definitione
442 3487 504 3545 sive
524 3487 590 3545 idea
611 3486 732 3561 alicujus
753 3485 896 3557 attributi,
918 3484 942 3542 it
962 3489 1008 3542 est
1028 3483 1084 3558 (uti
1098 3487 1198 3559 aperte

125 3570 205 3628 circa
226 3568 420 3627 definitionem
442 3567 496 3625 Dei
517 3565 652 3642 explicui)
674 3565 725 3637 rei,
747 3585 812 3640 quae
826 3585 879 3641 per
893 3585 924 3624 se
938 3569 968 3623 ct
981 3564 1013 3622 in
1026 3584 1057 3622 se
1072 3563 1196 3639 concipi-

126 3655 185 3708 tur.
208 3649 360 3707 Rationem
382 3667 451 3706 vero
473 3648 559 3723 hujus
580 3646 750 3704 differentiae
765 3646 852 3705 etiam
866 3645 897 3703 in
911 3649 1069 3704 memorato
1084 3644 1197 3703 Scholio

127 3729 200 3788 satis
222 3730 307 3798 clare,
329 3729 358 3786 ni
380 3728 474 3800 fallor,
496 3727 641 3803 proposui,
663 3725 807 3802 praecipue
822 3725 1006 3801 Philosopho.
1020 3724 1197 3801 supponitur

127 3810 205 3869 enim
227 3829 285 3867 non
305 3809 440 3884 ignorare
462 3807 662 3871 differentiam,
686 3826 749 3882 quae
772 3810 817 3864 est
837 3805 914 3865 inter
924 3805 1068 3864 fictionem
1081 3810 1111 3863 ct
1122 3804 1200 3862 inter
