2662 4298
492 355 632 393 srrsrona
653 355 715 393 xxr.
1079 335 1136 393 277

10 544 34 580 τε
111 523 200 581 Hisce
220 522 313 580 literis
333 524 419 581 finem
440 521 487 581 hio
509 522 656 598 imponere
677 521 789 580 animus
811 528 882 593 erat,
901 522 1003 581 netibi
1015 523 1137 600 amplius

10 607 41 664 ἐ
68 622 161 661 essem
190 603 328 662 molestus
347 602 383 661 iis
403 605 498 675 rebuS,
521 623 585 678 quae
607 603 806 661 tantummodo
829 602 883 679 (uti
904 603 1012 661 clarum
1034 608 1137 663 estex

10 708 38 747 :3
69 683 155 742 valde
183 683 288 742 devoto
309 683 506 742 additamento
526 683 577 741 fini
597 687 655 742 tuae
676 682 805 759 epistolae
827 681 926 758 affixo)
948 702 1001 759 pro
1020 684 1085 760 joco
1107 688 1137 742 et

10 793 34 827 .-,
67 763 130 822 risu
148 763 320 835 inserviunt,
342 763 413 822 nulli
434 767 529 822 autem
551 763 616 823 usui
636 768 713 822 sunt.
734 762 778 821 Ne
796 783 866 822 vero
877 762 1045 839 petitionem
1055 769 1136 823 tuam

10 874 32 911 .2
67 842 147 901 omni
167 844 251 902 modo
273 843 410 920 rejiciam,
432 843 555 902 ulterius
571 843 607 902 ad
619 843 840 919 explicationem
851 863 955 902 vocum
965 844 1136 920 Negationis

68 927 99 982 et
120 923 305 994 Privationis,
327 928 357 982 et
377 923 506 983 breviter
527 923 621 995 adid,
643 924 718 999 quod
739 923 933 983 necessarium
953 929 998 983 est
1018 926 1055 984 ad
1073 944 1135 984 sen·

10 1050 17 1073 ‚.
60 1023 131 1062 *sum
140 1003 330 1079 praecedentis
340 1024 411 1063 meae
421 1003 559 1080 Epistolae
571 1003 1134 1081 dilucidiusenucleandum,progrediar.

10 1148 15 1156 ‚
112 1084 181 1142 Dico
201 1084 292 1160 igitur
312 1085 414 1160 primo,
436 1084 632 1143 Privationem
653 1103 711 1143 non
732 1104 794 1143 esse
814 1083 950 1160 privandi
963 1090 1069 1157 actum,
1084 1086 1135 1144 sed

10 1230 15 1237 .
57 1168 184 1223 ¹tantum
215 1165 372 1241 simplicem
403 1170 433 1223 et
463 1184 571 1223 meram
603 1164 770 1237 carentiam,
792 1185 858 1241 quae
878 1164 910 1222 in
930 1184 961 1223 se
982 1165 1053 1224 nihil
1074 1171 1134 1225 est:

10 1283 15 1318 7
67 1249 114 1302 est
146 1244 252 1320 quippe
283 1245 343 1303 Ens
374 1244 506 1304 Rationis
536 1249 659 1314 tantum,
681 1246 728 1304 vel
749 1245 850 1303 modus
871 1244 1027 1320 cogitandi,
1050 1265 1134 1321 quem

67 1324 235 1396 formamus
268 1345 355 1400 quum
386 1345 434 1384 res
463 1324 587 1384 invicem
618 1344 826 1400 comparamus.
851 1324 988 1396 Dicimus,
1010 1326 1134 1403 exempli

69 1405 175 1479 gratia,
197 1425 306 1465 coecum
326 1405 392 1464 visu
411 1405 558 1482 privatum
579 1425 650 1476 esse,
673 1405 740 1480 quia
761 1425 825 1463 eum
846 1405 930 1464 facile
944 1411 977 1465 ut
988 1405 1133 1465 videntem

66 1484 269 1560 imaginamur,
292 1485 353 1544 sive
372 1485 542 1561 imaginatio
563 1487 627 1544 haec
647 1485 715 1544 hinc
736 1485 855 1557 oriatur,
877 1487 953 1561 quod
974 1505 1039 1545 cum
1060 1487 1132 1560 aliis,
1159 1518 1165 1531 ·

66 1565 118 1640 qui
144 1563 258 1638 rident,
280 1565 342 1625 sive
363 1566 439 1642 quod
459 1571 634 1642 praesentem
654 1586 738 1625 suum
759 1570 868 1625 statum
888 1586 953 1625 cum
973 1567 1133 1642 praeterito,

66 1665 157 1720 quum
189 1645 315 1717 videbat,
347 1665 562 1722 comparamus;
594 1651 624 1704 et
655 1666 719 1705 oum
750 1648 827 1705 hunc
850 1646 946 1706 virum
965 1666 1000 1706 ea
1020 1647 1133 1708 ratione

65 1725 291 1798 consideramus,
324 1746 426 1802 nempe
456 1728 649 1802 comparando
679 1746 761 1786 suam
786 1731 921 1786 naturam
942 1747 1005 1786 cum
1027 1732 1133 1788 natura

66 1805 197 1877 aliorum,
229 1807 275 1865 vel
307 1826 372 1865 cum
402 1807 553 1882 praeterita
585 1827 652 1878 sua;
683 1812 753 1866 tunc
773 1807 959 1880 affirmamus
980 1807 1074 1866 visum
1095 1809 1132 1868 ud

63 1905 147 1944 suam
168 1891 302 1946 naturam
322 1887 477 1963 pertinere,
499 1891 529 1946 et
548 1891 703 1965 propterea
720 1887 849 1958 dicimur,
864 1907 929 1946 eum
940 1908 973 1946 eo
983 1888 1131 1964 privatum

63 1985 137 2025 esse.
170 1967 278 2026 Verum
307 1987 394 2042 quum
414 1967 469 2026 Dei
489 1967 637 2027 decretum
657 1968 775 2044 ejusque
796 1972 902 2027 natura
922 1968 1130 2042 consideratur,

63 2065 123 2104 non
145 2047 239 2122 magis
259 2048 295 2107 de
315 2047 364 2106 illo
385 2047 508 2120 homine,
531 2067 616 2124 quam
639 2049 675 2106 de
694 2047 804 2124 Lapide
815 2067 968 2124 possumus
977 2049 1130 2121 affirmare,

63 2145 130 2184 eum
151 2127 216 2186 visu
237 2131 370 2187 orbatum
392 2148 464 2202 esse,
487 2128 555 2204 quia
576 2127 625 2187 illo
645 2132 775 2204 tempore
796 2148 854 2186 non
875 2128 969 2203 magis
989 2128 1051 2187 sine
1065 2149 1130 2187 cou-

65 2206 238 2266 tradictione
257 2208 299 2266 illi
320 2208 429 2266 homini
449 2207 538 2279 visua,
560 2227 646 2284 quam
666 2207 756 2284 lapidi
776 2208 928 2283 competit3
944 2211 1131 2285 queniamud

65 2288 205 2346 bominem
225 2290 308 2347 ilium
329 2290 371 2347 nii
392 2290 518 2364 amplius
534 2291 668 2364 pertinet,
690 2296 715 2347 et
734 2308 820 2348 ouum
841 2296 888 2357 est,
904 2291 1042 2365 priamid,
1055 2292 1131 2366 quod

49 2368 190 2427 'Divinus
209 2371 365 2428 intellectus
385 2377 410 2427 et
431 2370 561 2428 voluntas
581 2372 606 2427 ei
627 2369 736 2428 tribuit.
757 2369 796 2426 ut
816 2373 970 2445 propterea
980 2369 1059 2427 Deus
1072 2389 1130 2428 non

63 2447 157 2522 magis
188 2453 233 2507 est
263 2468 350 2507 causa
380 2457 430 2502 τοῦ
461 2448 538 2507 iliius
565 2469 623 2507 non
644 2448 752 2520 videre,
774 2469 860 2524 quam
879 2457 930 2502 τοῦ
951 2469 1010 2508 non
1030 2449 1129 2510 videre

63 2526 182 2602 lapidis:
203 2528 232 2587 id
254 2530 331 2605 quod
352 2549 431 2588 mera
452 2534 496 2588 est
517 2529 650 2604 Negatio.
672 2531 719 2588 lta
739 2533 833 2601 etiam,
855 2549 919 2588 carr
940 2532 1129 2590 adiuturam

62 2608 192 2680 bominis,
215 2613 265 2685 qui
286 2613 415 2685 appetitu
436 2611 564 2668 libidinis
577 2613 702 2681 diruitur,
718 2612 898 2680 attendimus,
905 2619 1129 2687 presentemp‘ue

61 2692 219 2763 appetitum
240 2709 304 2748 erm
325 2710 364 2760 eo,
387 2693 437 2767 qui
457 2691 607 2766 inprobis
627 2698 674 2761 eet,
695 2691 737 2749 eei
756 2711 820 2749 cum
835 2709 875 2762 eo,
890 2694 1128 2767 querriipsealiae

60 2769 167 2839 babuit,
189 2789 408 2847 comparamue;
428 2773 617 2846 affirmamur,
638 2791 703 2830 erim
723 2773 863 2830 bominem
875 2773 1128 2848 meliereappetitu

56 2851 207 2923 privatum
242 2870 306 2921 esse,
342 2853 412 2927 quie
448 2859 516 2909 turre
550 2854 600 2910 isti
632 2854 749 2910 uirtutis
782 2853 940 2926 appetitum
975 2860 1128 2927 competere

58 2930 242 3006 judicamus,-
271 2933 347 3004 qued
374 2931 470 3005 facere
499 2951 555 2990 nen
577 2950 740 3007 possumus,
761 2935 788 2990 ei
808 2933 848 2990 ud
867 2939 1006 2991 naturam
1026 2934 1128 2992 Dividi

59 3010 165 3067 decreti
195 3018 220 3068 et
250 3013 405 3070 intellectis
436 3013 628 3070 edendimus:
657 3031 726 3070 narn
756 3031 786 3070 eo
810 3019 938 3086 respectu
959 3013 1060 3071 melior
1080 3014 1127 3071 ille

59 3093 203 3164 appetitus
222 3110 279 3149 non
300 3094 392 3168 mapis
412 3094 451 3150 od
472 3099 610 3150 putaram
624 3094 707 3150 istius
720 3092 843 3150 bominis
853 3110 883 3149 eo
895 3099 1026 3167 tempore,
1038 3111 1126 3168 quern

58 3171 98 3227 ed
120 3171 267 3228 Naturam
288 3172 406 3230 Diaboli
425 3174 467 3230 rei
487 3174 595 3248 lepidis
610 3175 737 3247 pertinet
751 3172 775 3243 *,
791 3175 821 3229 et
830 3170 936 3230 idcirco
948 3191 981 3230 eo
992 3176 1126 3248 respectu

89 3320 100 3345 *
132 3320 353 3380 EBlyenbemrhii
378 3323 543 3382 responsione
561 3325 674 3382 apparet,
690 3323 743 3368 hac
760 3323 797 3369 ita
813 3323 910 3382 scripta
926 3323 1067 3369 fuisset...
1085 3325 1125 3369 uls

56 3397 111 3428 men
132 3398 161 3442 op
178 3384 208 3430 de
224 3390 316 3431 nateur
331 3399 381 3430 een
396 3399 439 3431 een
455 3399 514 3431 men
531 3385 569 3430 die
585 3385 691 3443 bepeerte
707 3389 742 3430 tot
758 3385 853 3430 meliust
869 3385 967 3443 torpebit,
984 3386 1023 3442 let,
1040 3399 1070 3431 en
1085 3400 1124 3445 roy

57 3460 104 3503 eyn
120 3448 309 3505 tepenwoordipe
325 3447 455 3506 bepeerten,
471 3452 519 3494 met
535 3447 574 3493 die
590 3462 638 3493 ven
655 3448 683 3492 de
699 3461 812 3493 eroomen
829 3446 859 3492 et
869 3452 917 3492 met
933 3448 971 3493 die
985 3461 1076 3506 peenen
1085 3449 1124 3494 die

56 3508 89 3565 by
113 3510 173 3566 eelfe
198 3523 228 3567 op
245 3524 287 3554 een
304 3511 384 3555 ander
400 3514 438 3567 tpt
452 3510 533 3568 pebad
548 3510 619 3567 berti,
636 3510 799 3569 verpetpeirea,
815 3523 856 3555 eoo
872 3511 992 3557 eecbtmen
1009 3510 1047 3556 die
1063 3525 1123 3557 mun

56 3585 104 3615 von
128 3585 170 3617 een
187 3571 250 3616 beter
266 3572 359 3629 bercott
374 3578 396 3617 te
412 3587 467 3630 epu,
484 3586 522 3618 om
538 3572 582 3618 dat
597 3587 636 3630 ray
652 3573 692 3619 ule
709 3573 760 3618 dari
776 3573 804 3618 de
820 3572 925 3630 bepeerte
942 3578 976 3618 tot
992 3571 1021 3618 de
1038 3575 1124 3620 derebt

55 3633 108 3677 hem
133 3634 240 3679 oordeete
264 3640 300 3679 tce
325 3640 347 3679 te
370 3635 495 3690 behooren,
512 3635 555 3680 dat
572 3648 610 3692 wp
625 3636 676 3680 niet
693 3633 753 3680 dorp
770 3649 799 3681 en
816 3636 920 3692 bornen,
936 3636 1022 3682 indier
1038 3651 1076 3695 wy
1092 3651 1122 3695 op

56 3695 84 3740 de
100 3701 196 3741 patirur·
212 3712 260 3742 van
279 3697 356 3742 Godtr
372 3697 465 3755 beetuyt
481 3712 510 3742 en
527 3702 638 3743 vereturt
655 3697 733 3742 lettere.
754 3698 827 3755 disant
844 3703 883 3743 ten
900 3699 995 3756 opsieht
1012 3713 1060 3745 ven
1071 3700 1122 3756 dat,

55 3758 125 3803 boort
152 3760 190 3804 dte
214 3759 279 3804 beter
300 3759 422 3818 bepeerten
439 3765 473 3806 tot
490 3761 518 3805 de
533 3765 629 3806 naturai·
644 3774 693 3805 van
710 3760 748 3805 dte
764 3775 831 3816 mun,
848 3760 900 3806 dier
917 3766 974 3819 tpte,
991 3762 1042 3806 niet
1057 3775 1122 3807 meer

55 3821 95 3864 ale
110 3826 144 3866 tet
160 3823 189 3867 de
205 3827 301 3866 ratum·
317 3836 364 3868 van
382 3823 411 3868 de
427 3823 515 3881 dupvel
530 3825 558 3880 of
571 3837 620 3868 eurr
635 3836 676 3868 een
694 3827 766 3878 steen,
783 3826 831 3869 etc.
