<?xml version="1.0" encoding="UTF-8"?>
<!DOCTYPE html PUBLIC "-//W3C//DTD XHTML 1.0 Transitional//EN"
    "http://www.w3.org/TR/xhtml1/DTD/xhtml1-transitional.dtd">
<html xmlns="http://www.w3.org/1999/xhtml" xml:lang="en" lang="en">
 <head>
  <title>
</title>
<meta http-equiv="Content-Type" content="text/html;charset=utf-8" />
  <meta name='ocr-system' content='tesseract 3.04.00' />
  <meta name='ocr-capabilities' content='ocr_page ocr_carea ocr_par ocr_line ocrx_word'/>
</head>
<body>
  <div class='ocr_page' id='page_1' title='image "./operaquotquotre00landgoog/operaquotquotre00landgoog_0019.png"; bbox 0 0 2662 4298; ppageno 0'>
   <div class='ocr_carea' id='block_1_1' title="bbox 190 353 808 411">
    <p class='ocr_par' dir='ltr' id='par_1_1' title="bbox 190 353 808 411">
     <span class='ocr_line' id='line_1_1' title="bbox 190 353 808 411; baseline -0.003 -1"><span class='ocrx_word' id='word_1_1' title='bbox 190 353 208 410; x_wconf 80' lang='grc'><strong>2</strong></span> <span class='ocrx_word' id='word_1_2' title='bbox 640 369 808 411; x_wconf 76' lang='lat' dir='ltr'><strong>raacrarus</strong></span> 
     </span>
    </p>
   </div>
   <div class='ocr_carea' id='block_1_2' title="bbox 152 537 1278 3586">
    <p class='ocr_par' dir='ltr' id='par_1_2' title="bbox 152 537 1264 1417">
     <span class='ocr_line' id='line_1_2' title="bbox 152 537 1261 617; baseline -0.001 -16"><span class='ocrx_word' id='word_1_3' title='bbox 152 598 155 603; x_wconf 78' lang='grc'><strong><em>,</em></strong></span> <span class='ocrx_word' id='word_1_4' title='bbox 189 541 251 600; x_wconf 86' lang='lat' dir='ltr'><strong>sine</strong></span> <span class='ocrx_word' id='word_1_5' title='bbox 280 541 359 599; x_wconf 91' lang='lat' dir='ltr'><strong>hisce</strong></span> <span class='ocrx_word' id='word_1_6' title='bbox 389 539 502 614; x_wconf 86' lang='lat' dir='ltr'><strong>legibus</strong></span> <span class='ocrx_word' id='word_1_7' title='bbox 531 537 687 597; x_wconf 84' lang='lat' dir='ltr'><strong>clarissime</strong></span> <span class='ocrx_word' id='word_1_8' title='bbox 715 539 826 614; x_wconf 85' lang='lat' dir='ltr'>concipi</span> <span class='ocrx_word' id='word_1_9' title='bbox 854 539 955 614; x_wconf 89' lang='lat' dir='ltr'><strong>possit,</strong></span> <span class='ocrx_word' id='word_1_10' title='bbox 978 544 1009 598; x_wconf 90' lang='lat' dir='ltr'><strong>at</strong></span> <span class='ocrx_word' id='word_1_11' title='bbox 1030 560 1088 598; x_wconf 94' lang='lat' dir='ltr'><strong>non</strong></span> <span class='ocrx_word' id='word_1_12' title='bbox 1108 540 1170 599; x_wconf 90' lang='lat' dir='ltr'><strong>sine</strong></span> <span class='ocrx_word' id='word_1_13' title='bbox 1191 542 1261 617; x_wconf 88' lang='lat' dir='ltr'><strong>lege</strong></span> 
     </span>
     <span class='ocr_line' id='line_1_3' title="bbox 189 618 1261 697; baseline 0.001 -17"><span class='ocrx_word' id='word_1_14' title='bbox 189 620 361 690; x_wconf 86' lang='lat' dir='ltr'><strong>necessaria,</strong></span> <span class='ocrx_word' id='word_1_15' title='bbox 382 625 415 678; x_wconf 92' lang='lat' dir='ltr'><strong>ut</strong></span> <span class='ocrx_word' id='word_1_16' title='bbox 435 619 519 677; x_wconf 91' lang='lat' dir='ltr'><strong>modo</strong></span> <span class='ocrx_word' id='word_1_17' title='bbox 539 618 843 694; x_wconf 86' lang='lat' dir='ltr'><strong>ipsamdefinivimus.</strong></span> <span class='ocrx_word' id='word_1_18' title='bbox 865 619 904 678; x_wconf 87' lang='lat' dir='ltr'><strong>Il.</strong></span> <span class='ocrx_word' id='word_1_19' title='bbox 927 621 980 677; x_wconf 90' lang='lat' dir='ltr'><strong>bas</strong></span> <span class='ocrx_word' id='word_1_20' title='bbox 1000 621 1080 695; x_wconf 87' lang='lat' dir='ltr'><strong>leges</strong></span> <span class='ocrx_word' id='word_1_21' title='bbox 1101 641 1136 678; x_wconf 82' lang='grc'><strong>111</strong></span> <span class='ocrx_word' id='word_1_22' title='bbox 1151 622 1261 697; x_wconf 91' lang='lat' dir='ltr'><strong>placito</strong></span> 
     </span>
     <span class='ocr_line' id='line_1_4' title="bbox 190 698 1259 775; baseline 0.001 -15"><span class='ocrx_word' id='word_1_23' title='bbox 190 701 336 760; x_wconf 78' lang='lat' dir='ltr'><strong>hominiun</strong></span> <span class='ocrx_word' id='word_1_24' title='bbox 357 698 482 775; x_wconf 92' lang='lat' dir='ltr'><strong>pendere</strong></span> <span class='ocrx_word' id='word_1_25' title='bbox 503 699 590 757; x_wconf 90' lang='lat' dir='ltr'><strong>etiarn</strong></span> <span class='ocrx_word' id='word_1_26' title='bbox 611 698 680 770; x_wconf 80' lang='lat' dir='ltr'><strong>dixi,</strong></span> <span class='ocrx_word' id='word_1_27' title='bbox 702 699 770 774; x_wconf 88' lang='lat' dir='ltr'><strong>quia</strong></span> <span class='ocrx_word' id='word_1_28' title='bbox 783 718 830 757; x_wconf 91' lang='lat' dir='ltr'><strong>res</strong></span> <span class='ocrx_word' id='word_1_29' title='bbox 843 719 895 775; x_wconf 89' lang='lat' dir='ltr'><strong>per</strong></span> <span class='ocrx_word' id='word_1_30' title='bbox 909 699 1056 775; x_wconf 81' lang='lat' dir='ltr'><strong>proximas</strong></span> <span class='ocrx_word' id='word_1_31' title='bbox 1071 721 1139 758; x_wconf 88' lang='lat' dir='ltr'><strong>suas</strong></span> <span class='ocrx_word' id='word_1_32' title='bbox 1153 721 1259 761; x_wconf 86' lang='lat' dir='ltr'><strong>causas</strong></span> 
     </span>
     <span class='ocr_line' id='line_1_5' title="bbox 191 778 1258 855; baseline 0 -15"><span class='ocrx_word' id='word_1_33' title='bbox 191 781 310 842; x_wconf 90' lang='lat' dir='ltr'><strong>definire</strong></span> <span class='ocrx_word' id='word_1_34' title='bbox 341 785 371 839; x_wconf 90' lang='lat' dir='ltr'><strong>et</strong></span> <span class='ocrx_word' id='word_1_35' title='bbox 401 779 546 855; x_wconf 85' lang='lat' dir='ltr'><strong>explicare</strong></span> <span class='ocrx_word' id='word_1_36' title='bbox 578 780 722 850; x_wconf 90' lang='lat' dir='ltr'><strong>debemus,</strong></span> <span class='ocrx_word' id='word_1_37' title='bbox 745 783 774 837; x_wconf 90' lang='lat' dir='ltr'><strong>et</strong></span> <span class='ocrx_word' id='word_1_38' title='bbox 793 778 843 837; x_wconf 91' lang='lat' dir='ltr'><strong>illa</strong></span> <span class='ocrx_word' id='word_1_39' title='bbox 864 779 1036 838; x_wconf 86' lang='lat' dir='ltr'><strong>universalis</strong></span> <span class='ocrx_word' id='word_1_40' title='bbox 1056 781 1258 854; x_wconf 76' lang='lat' dir='ltr'><strong>consideratio,</strong></span> 
     </span>
     <span class='ocr_line' id='line_1_6' title="bbox 191 859 1263 929; baseline 0.001 -9"><span class='ocrx_word' id='word_1_41' title='bbox 191 863 226 921; x_wconf 90' lang='lat' dir='ltr'><strong>de</strong></span> <span class='ocrx_word' id='word_1_42' title='bbox 256 862 317 920; x_wconf 88' lang='lat' dir='ltr'><strong>fato</strong></span> <span class='ocrx_word' id='word_1_43' title='bbox 349 865 378 919; x_wconf 95' lang='grc'><strong>11</strong></span> <span class='ocrx_word' id='word_1_44' title='bbox 409 859 646 918; x_wconf 75' lang='lat' dir='ltr'><strong>concatenatione</strong></span> <span class='ocrx_word' id='word_1_45' title='bbox 677 879 837 929; x_wconf 89' lang='lat' dir='ltr'><strong>causarum,</strong></span> <span class='ocrx_word' id='word_1_46' title='bbox 869 859 987 917; x_wconf 91' lang='lat' dir='ltr'><strong>minime</strong></span> <span class='ocrx_word' id='word_1_47' title='bbox 1016 861 1099 919; x_wconf 89' lang='lat' dir='ltr'><strong>nobis</strong></span> <span class='ocrx_word' id='word_1_48' title='bbox 1118 861 1263 921; x_wconf 88' lang='lat' dir='ltr'><strong>inservire</strong></span> 
     </span>
     <span class='ocr_line' id='line_1_7' title="bbox 193 938 1264 1017; baseline 0 -17"><span class='ocrx_word' id='word_1_49' title='bbox 193 945 288 1017; x_wconf 90' lang='lat' dir='ltr'><strong>potest</strong></span> <span class='ocrx_word' id='word_1_50' title='bbox 314 942 351 999; x_wconf 91' lang='lat' dir='ltr'><strong>ad</strong></span> <span class='ocrx_word' id='word_1_51' title='bbox 372 944 488 999; x_wconf 89' lang='lat' dir='ltr'><strong>nostras</strong></span> <span class='ocrx_word' id='word_1_52' title='bbox 509 939 700 1015; x_wconf 86' lang='lat' dir='ltr'><strong>cogitationes</strong></span> <span class='ocrx_word' id='word_1_53' title='bbox 721 938 797 998; x_wconf 89' lang='lat' dir='ltr'><strong>circa</strong></span> <span class='ocrx_word' id='word_1_54' title='bbox 817 959 865 998; x_wconf 92' lang='lat' dir='ltr'><strong>res</strong></span> <span class='ocrx_word' id='word_1_55' title='bbox 884 940 1076 1015; x_wconf 79' lang='lat' dir='ltr'><strong>particulares</strong></span> <span class='ocrx_word' id='word_1_56' title='bbox 1097 943 1264 1001; x_wconf 83' lang='lat' dir='ltr'><strong>formandas</strong></span> 
     </span>
     <span class='ocr_line' id='line_1_8' title="bbox 195 1019 1261 1098; baseline 0 -18"><span class='ocrx_word' id='word_1_57' title='bbox 195 1027 281 1098; x_wconf 87' lang='lat' dir='ltr'><strong>atque</strong></span> <span class='ocrx_word' id='word_1_58' title='bbox 302 1020 486 1079; x_wconf 83' lang='lat' dir='ltr'><strong>ordinandas</strong></span> <span class='ocrx_word' id='word_1_59' title='bbox 507 1021 600 1089; x_wconf 84' lang='lat' dir='ltr'><strong>Adde,</strong></span> <span class='ocrx_word' id='word_1_60' title='bbox 622 1020 697 1095; x_wconf 92' lang='lat' dir='ltr'><strong>quod</strong></span> <span class='ocrx_word' id='word_1_61' title='bbox 719 1039 771 1077; x_wconf 92' lang='lat' dir='ltr'><strong>nos</strong></span> <span class='ocrx_word' id='word_1_62' title='bbox 791 1019 885 1095; x_wconf 87' lang='lat' dir='ltr'><strong>ipsam</strong></span> <span class='ocrx_word' id='word_1_63' title='bbox 905 1040 1001 1078; x_wconf 91' lang='lat' dir='ltr'><strong>rerum</strong></span> <span class='ocrx_word' id='word_1_64' title='bbox 1016 1021 1261 1081; x_wconf 89' lang='lat' dir='ltr'><strong>coordinationem</strong></span> 
     </span>
     <span class='ocr_line' id='line_1_9' title="bbox 194 1101 1263 1175; baseline -0.001 -14"><span class='ocrx_word' id='word_1_65' title='bbox 194 1107 223 1161; x_wconf 89' lang='lat' dir='ltr'><strong>et</strong></span> <span class='ocrx_word' id='word_1_66' title='bbox 254 1101 531 1172; x_wconf 84' lang='lat' dir='ltr'><strong>concatenationem,</strong></span> <span class='ocrx_word' id='word_1_67' title='bbox 563 1101 619 1158; x_wconf 91' lang='lat' dir='ltr'><strong>hoc</strong></span> <span class='ocrx_word' id='word_1_68' title='bbox 646 1104 691 1157; x_wconf 91' lang='lat' dir='ltr'><strong>est</strong></span> <span class='ocrx_word' id='word_1_69' title='bbox 718 1101 860 1175; x_wconf 91' lang='lat' dir='ltr'><strong>quomodo</strong></span> <span class='ocrx_word' id='word_1_70' title='bbox 880 1120 927 1159; x_wconf 89' lang='lat' dir='ltr'><strong>res</strong></span> <span class='ocrx_word' id='word_1_71' title='bbox 947 1120 1051 1159; x_wconf 92' lang='lat' dir='ltr'><strong>revera</strong></span> <span class='ocrx_word' id='word_1_72' title='bbox 1071 1101 1211 1162; x_wconf 85' lang='lat' dir='ltr'><strong>ordinatae</strong></span> <span class='ocrx_word' id='word_1_73' title='bbox 1233 1107 1263 1174; x_wconf 82' lang='lat' dir='ltr'><strong>et</strong></span> 
     </span>
     <span class='ocr_line' id='line_1_10' title="bbox 194 1179 1262 1256; baseline 0.001 -15"><span class='ocrx_word' id='word_1_74' title='bbox 194 1186 392 1241; x_wconf 86' lang='lat' dir='ltr'><strong>concatenatae</strong></span> <span class='ocrx_word' id='word_1_75' title='bbox 423 1185 500 1251; x_wconf 89' lang='lat' dir='ltr'><strong>sunt,</strong></span> <span class='ocrx_word' id='word_1_76' title='bbox 531 1181 617 1256; x_wconf 88' lang='lat' dir='ltr'><strong>plane</strong></span> <span class='ocrx_word' id='word_1_77' title='bbox 647 1179 822 1255; x_wconf 86' lang='lat' dir='ltr'><strong>ignoremus,</strong></span> <span class='ocrx_word' id='word_1_78' title='bbox 855 1181 983 1256; x_wconf 89' lang='lat' dir='ltr'><strong>adeoque</strong></span> <span class='ocrx_word' id='word_1_79' title='bbox 1015 1182 1052 1240; x_wconf 93' lang='lat' dir='ltr'><strong>ad</strong></span> <span class='ocrx_word' id='word_1_80' title='bbox 1082 1202 1165 1241; x_wconf 90' lang='lat' dir='ltr'><strong>usum</strong></span> <span class='ocrx_word' id='word_1_81' title='bbox 1193 1181 1262 1243; x_wconf 85' lang='lat' dir='ltr'><strong>vitae</strong></span> 
     </span>
     <span class='ocr_line' id='line_1_11' title="bbox 194 1259 1264 1336; baseline 0 -15"><span class='ocrx_word' id='word_1_82' title='bbox 194 1262 304 1333; x_wconf 91' lang='lat' dir='ltr'><strong>melius,</strong></span> <span class='ocrx_word' id='word_1_83' title='bbox 324 1261 381 1319; x_wconf 91' lang='lat' dir='ltr'><strong>imo</strong></span> <span class='ocrx_word' id='word_1_84' title='bbox 402 1281 520 1319; x_wconf 88' lang='lat' dir='ltr'><strong>necesse</strong></span> <span class='ocrx_word' id='word_1_85' title='bbox 541 1265 594 1330; x_wconf 90' lang='lat' dir='ltr'><strong>est,</strong></span> <span class='ocrx_word' id='word_1_86' title='bbox 615 1280 663 1318; x_wconf 90' lang='lat' dir='ltr'><strong>res</strong></span> <span class='ocrx_word' id='word_1_87' title='bbox 684 1263 717 1319; x_wconf 91' lang='lat' dir='ltr'><strong>ut</strong></span> <span class='ocrx_word' id='word_1_88' title='bbox 736 1259 887 1336; x_wconf 91' lang='lat' dir='ltr'><strong>possibiles</strong></span> <span class='ocrx_word' id='word_1_89' title='bbox 908 1260 1100 1321; x_wconf 90' lang='lat' dir='ltr'><strong>considerare.</strong></span> <span class='ocrx_word' id='word_1_90' title='bbox 1133 1263 1207 1321; x_wconf 86' lang='lat' dir='ltr'><strong>Haeo</strong></span> <span class='ocrx_word' id='word_1_91' title='bbox 1228 1264 1264 1321; x_wconf 92' lang='lat' dir='ltr'><strong>de</strong></span> 
     </span>
     <span class='ocr_line' id='line_1_12' title="bbox 193 1341 622 1417; baseline -0.007 -16"><span class='ocrx_word' id='word_1_92' title='bbox 193 1345 259 1417; x_wconf 91' lang='lat' dir='ltr'><strong>lege</strong></span> <span class='ocrx_word' id='word_1_93' title='bbox 280 1343 410 1401; x_wconf 89' lang='lat' dir='ltr'><strong>absolute</strong></span> <span class='ocrx_word' id='word_1_94' title='bbox 431 1341 622 1400; x_wconf 89' lang='lat' dir='ltr'><strong>considerata.</strong></span> 
     </span>
    </p>

    <p class='ocr_par' dir='ltr' id='par_1_3' title="bbox 193 1420 1278 3586">
     <span class='ocr_line' id='line_1_13' title="bbox 234 1420 1260 1496; baseline 0 -15"><span class='ocrx_word' id='word_1_95' title='bbox 234 1424 344 1481; x_wconf 91' lang='lat' dir='ltr'><strong>Verum</strong></span> <span class='ocrx_word' id='word_1_96' title='bbox 365 1421 520 1491; x_wconf 90' lang='lat' dir='ltr'><strong>enimvero,</strong></span> <span class='ocrx_word' id='word_1_97' title='bbox 543 1420 678 1496; x_wconf 90' lang='lat' dir='ltr'><strong>quoniam</strong></span> <span class='ocrx_word' id='word_1_98' title='bbox 699 1439 803 1478; x_wconf 89' lang='lat' dir='ltr'><strong>nomen</strong></span> <span class='ocrx_word' id='word_1_99' title='bbox 823 1420 898 1495; x_wconf 87' lang='lat' dir='ltr'><strong>legis</strong></span> <span class='ocrx_word' id='word_1_100' title='bbox 918 1440 970 1496; x_wconf 92' lang='lat' dir='ltr'><strong>per</strong></span> <span class='ocrx_word' id='word_1_101' title='bbox 990 1421 1210 1480; x_wconf 89' lang='lat' dir='ltr'><strong>translationem</strong></span> <span class='ocrx_word' id='word_1_102' title='bbox 1224 1424 1260 1481; x_wconf 90' lang='lat' dir='ltr'><strong>ad</strong></span> 
     </span>
     <span class='ocr_line' id='line_1_14' title="bbox 194 1499 1263 1578; baseline -0.001 -16"><span class='ocrx_word' id='word_1_103' title='bbox 194 1523 241 1562; x_wconf 89' lang='lat' dir='ltr'><strong>res</strong></span> <span class='ocrx_word' id='word_1_104' title='bbox 272 1503 420 1560; x_wconf 87' lang='lat' dir='ltr'><strong>naturales</strong></span> <span class='ocrx_word' id='word_1_105' title='bbox 452 1501 628 1576; x_wconf 91' lang='lat' dir='ltr'><strong>applicatum</strong></span> <span class='ocrx_word' id='word_1_106' title='bbox 659 1499 783 1571; x_wconf 86' lang='lat' dir='ltr'><strong>videtur,</strong></span> <span class='ocrx_word' id='word_1_107' title='bbox 815 1505 846 1558; x_wconf 92' lang='lat' dir='ltr'><strong>et</strong></span> <span class='ocrx_word' id='word_1_108' title='bbox 877 1500 1066 1559; x_wconf 89' lang='lat' dir='ltr'><strong>communiter</strong></span> <span class='ocrx_word' id='word_1_109' title='bbox 1095 1521 1148 1577; x_wconf 96' lang='lat' dir='ltr'><strong>per</strong></span> <span class='ocrx_word' id='word_1_110' title='bbox 1168 1504 1263 1578; x_wconf 89' lang='lat' dir='ltr'><strong>legem</strong></span> 
     </span>
     <span class='ocr_line' id='line_1_15' title="bbox 194 1581 1264 1658; baseline 0 -17"><span class='ocrx_word' id='word_1_111' title='bbox 194 1582 267 1641; x_wconf 92' lang='lat' dir='ltr'><strong>nihil</strong></span> <span class='ocrx_word' id='word_1_112' title='bbox 297 1582 375 1640; x_wconf 90' lang='lat' dir='ltr'><strong>aliud</strong></span> <span class='ocrx_word' id='word_1_113' title='bbox 395 1581 569 1655; x_wconf 85' lang='lat' dir='ltr'><strong>intelligitur</strong></span> <span class='ocrx_word' id='word_1_114' title='bbox 591 1600 677 1656; x_wconf 83' lang='lat' dir='ltr'><strong>quani</strong></span> <span class='ocrx_word' id='word_1_115' title='bbox 697 1581 874 1652; x_wconf 90' lang='lat' dir='ltr'><strong>mandatum,</strong></span> <span class='ocrx_word' id='word_1_116' title='bbox 898 1582 975 1656; x_wconf 90' lang='lat' dir='ltr'><strong>quod</strong></span> <span class='ocrx_word' id='word_1_117' title='bbox 995 1581 1127 1640; x_wconf 91' lang='lat' dir='ltr'><strong>homines</strong></span> <span class='ocrx_word' id='word_1_118' title='bbox 1147 1588 1177 1640; x_wconf 91' lang='lat' dir='ltr'><strong>ct</strong></span> <span class='ocrx_word' id='word_1_119' title='bbox 1198 1603 1264 1658; x_wconf 92' lang='lat' dir='ltr'><strong>per-</strong></span> 
     </span>
     <span class='ocr_line' id='line_1_16' title="bbox 193 1661 1265 1737; baseline -0.002 -15"><span class='ocrx_word' id='word_1_120' title='bbox 193 1665 279 1722; x_wconf 90' lang='lat' dir='ltr'><strong>ficere</strong></span> <span class='ocrx_word' id='word_1_121' title='bbox 310 1667 339 1721; x_wconf 91' lang='lat' dir='ltr'><strong>et</strong></span> <span class='ocrx_word' id='word_1_122' title='bbox 368 1661 517 1737; x_wconf 85' lang='lat' dir='ltr'><strong>negligere</strong></span> <span class='ocrx_word' id='word_1_123' title='bbox 544 1665 674 1736; x_wconf 88' lang='lat' dir='ltr'><strong>possunt,</strong></span> <span class='ocrx_word' id='word_1_124' title='bbox 703 1665 804 1736; x_wconf 86' lang='lat' dir='ltr'><strong>utpote</strong></span> <span class='ocrx_word' id='word_1_125' title='bbox 833 1661 901 1736; x_wconf 87' lang='lat' dir='ltr'><strong>quia</strong></span> <span class='ocrx_word' id='word_1_126' title='bbox 928 1661 1087 1736; x_wconf 90' lang='lat' dir='ltr'><strong>potentiam</strong></span> <span class='ocrx_word' id='word_1_127' title='bbox 1108 1663 1265 1721; x_wconf 88' lang='lat' dir='ltr'><strong>humanam</strong></span> 
     </span>
     <span class='ocr_line' id='line_1_17' title="bbox 194 1741 1265 1817; baseline -0.001 -15"><span class='ocrx_word' id='word_1_128' title='bbox 194 1746 247 1802; x_wconf 91' lang='lat' dir='ltr'><strong>sub</strong></span> <span class='ocrx_word' id='word_1_129' title='bbox 279 1742 366 1801; x_wconf 86' lang='lat' dir='ltr'><strong>certis</strong></span> <span class='ocrx_word' id='word_1_130' title='bbox 395 1741 543 1812; x_wconf 88' lang='lat' dir='ltr'><strong>limitibus,</strong></span> <span class='ocrx_word' id='word_1_131' title='bbox 574 1743 652 1800; x_wconf 92' lang='lat' dir='ltr'><strong>ultra</strong></span> <span class='ocrx_word' id='word_1_132' title='bbox 684 1761 755 1816; x_wconf 90' lang='lat' dir='ltr'><strong>quos</strong></span> <span class='ocrx_word' id='word_1_133' title='bbox 785 1761 817 1800; x_wconf 90' lang='lat' dir='ltr'><strong>se</strong></span> <span class='ocrx_word' id='word_1_134' title='bbox 842 1741 982 1811; x_wconf 84' lang='lat' dir='ltr'><strong>extendit,</strong></span> <span class='ocrx_word' id='word_1_135' title='bbox 1004 1742 1188 1817; x_wconf 84' lang='lat' dir='ltr'><strong>constringit,</strong></span> <span class='ocrx_word' id='word_1_136' title='bbox 1210 1763 1265 1802; x_wconf 89' lang='lat' dir='ltr'><strong>nec</strong></span> 
     </span>
     <span class='ocr_line' id='line_1_18' title="bbox 193 1821 1264 1899; baseline 0 -17"><span class='ocrx_word' id='word_1_137' title='bbox 193 1823 300 1899; x_wconf 89' lang='lat' dir='ltr'><strong>aliquid</strong></span> <span class='ocrx_word' id='word_1_138' title='bbox 331 1842 419 1898; x_wconf 89' lang='lat' dir='ltr'><strong>supra</strong></span> <span class='ocrx_word' id='word_1_139' title='bbox 449 1821 527 1880; x_wconf 83' lang='lat' dir='ltr'><strong>vires</strong></span> <span class='ocrx_word' id='word_1_140' title='bbox 546 1821 686 1898; x_wconf 88' lang='lat' dir='ltr'><strong>imperat;</strong></span> <span class='ocrx_word' id='word_1_141' title='bbox 707 1821 771 1879; x_wconf 91' lang='lat' dir='ltr'><strong>ideo</strong></span> <span class='ocrx_word' id='word_1_142' title='bbox 792 1821 855 1879; x_wconf 85' lang='lat' dir='ltr'><strong>Lex</strong></span> <span class='ocrx_word' id='word_1_143' title='bbox 874 1821 1079 1897; x_wconf 88' lang='lat' dir='ltr'><strong>particularius</strong></span> <span class='ocrx_word' id='word_1_144' title='bbox 1099 1823 1264 1882; x_wconf 89' lang='lat' dir='ltr'><strong>definienda</strong></span> 
     </span>
     <span class='ocr_line' id='line_1_19' title="bbox 194 1901 1264 1978; baseline 0 -16"><span class='ocrx_word' id='word_1_145' title='bbox 194 1905 317 1974; x_wconf 90' lang='lat' dir='ltr'><strong>videtur,</strong></span> <span class='ocrx_word' id='word_1_146' title='bbox 339 1922 441 1978; x_wconf 90' lang='lat' dir='ltr'><strong>nempe</strong></span> <span class='ocrx_word' id='word_1_147' title='bbox 462 1903 538 1977; x_wconf 90' lang='lat' dir='ltr'><strong>quod</strong></span> <span class='ocrx_word' id='word_1_148' title='bbox 559 1903 597 1960; x_wconf 88' lang='lat' dir='ltr'><strong>sit</strong></span> <span class='ocrx_word' id='word_1_149' title='bbox 616 1901 691 1960; x_wconf 89' lang='lat' dir='ltr'><strong>ratio</strong></span> <span class='ocrx_word' id='word_1_150' title='bbox 712 1901 839 1971; x_wconf 88' lang='lat' dir='ltr'><strong>vivendi,</strong></span> <span class='ocrx_word' id='word_1_151' title='bbox 861 1922 947 1977; x_wconf 90' lang='lat' dir='ltr'><strong>quam</strong></span> <span class='ocrx_word' id='word_1_152' title='bbox 968 1902 1053 1960; x_wconf 88' lang='lat' dir='ltr'><strong>homo</strong></span> <span class='ocrx_word' id='word_1_153' title='bbox 1074 1903 1130 1961; x_wconf 88' lang='lat' dir='ltr'><strong>sibi</strong></span> <span class='ocrx_word' id='word_1_154' title='bbox 1141 1905 1189 1962; x_wconf 86' lang='lat' dir='ltr'><strong>vel</strong></span> <span class='ocrx_word' id='word_1_155' title='bbox 1199 1904 1264 1962; x_wconf 88' lang='lat' dir='ltr'><strong>aliis</strong></span> 
     </span>
     <span class='ocr_line' id='line_1_20' title="bbox 194 1982 1266 2059; baseline -0.001 -16"><span class='ocrx_word' id='word_1_156' title='bbox 194 1986 230 2043; x_wconf 93' lang='lat' dir='ltr'><strong>ob</strong></span> <span class='ocrx_word' id='word_1_157' title='bbox 262 1983 386 2059; x_wconf 88' lang='lat' dir='ltr'><strong>aliquem</strong></span> <span class='ocrx_word' id='word_1_158' title='bbox 417 1983 502 2040; x_wconf 90' lang='lat' dir='ltr'><strong>finem</strong></span> <span class='ocrx_word' id='word_1_159' title='bbox 533 1982 703 2057; x_wconf 87' lang='lat' dir='ltr'><strong>praescribit.</strong></span> <span class='ocrx_word' id='word_1_160' title='bbox 736 1983 884 2052; x_wconf 87' lang='lat' dir='ltr'><strong>Attamen,</strong></span> <span class='ocrx_word' id='word_1_161' title='bbox 918 1982 1053 2057; x_wconf 88' lang='lat' dir='ltr'><strong>quoniam</strong></span> <span class='ocrx_word' id='word_1_162' title='bbox 1084 2003 1173 2042; x_wconf 88' lang='lat' dir='ltr'><strong>verus</strong></span> <span class='ocrx_word' id='word_1_163' title='bbox 1200 1984 1266 2042; x_wconf 90' lang='lat' dir='ltr'><strong>finis</strong></span> 
     </span>
     <span class='ocr_line' id='line_1_21' title="bbox 193 2062 1267 2140; baseline 0 -18"><span class='ocrx_word' id='word_1_164' title='bbox 193 2066 291 2140; x_wconf 88' lang='lat' dir='ltr'><strong>legum</strong></span> <span class='ocrx_word' id='word_1_165' title='bbox 317 2063 418 2139; x_wconf 87' lang='lat' dir='ltr'><strong>paucis</strong></span> <span class='ocrx_word' id='word_1_166' title='bbox 438 2067 552 2131; x_wconf 87' lang='lat' dir='ltr'><strong>tantum</strong></span> <span class='ocrx_word' id='word_1_167' title='bbox 572 2066 673 2138; x_wconf 91' lang='lat' dir='ltr'><strong>patere</strong></span> <span class='ocrx_word' id='word_1_168' title='bbox 694 2062 776 2127; x_wconf 81' lang='lat' dir='ltr'><strong>solet,</strong></span> <span class='ocrx_word' id='word_1_169' title='bbox 798 2067 828 2120; x_wconf 90' lang='lat' dir='ltr'><strong>et</strong></span> <span class='ocrx_word' id='word_1_170' title='bbox 848 2062 1056 2138; x_wconf 89' lang='lat' dir='ltr'><strong>perplurimum</strong></span> <span class='ocrx_word' id='word_1_171' title='bbox 1078 2063 1208 2122; x_wconf 90' lang='lat' dir='ltr'><strong>homines</strong></span> <span class='ocrx_word' id='word_1_172' title='bbox 1230 2064 1267 2122; x_wconf 91' lang='lat' dir='ltr'><strong>ad</strong></span> 
     </span>
     <span class='ocr_line' id='line_1_22' title="bbox 194 2142 1266 2220; baseline -0.002 -16"><span class='ocrx_word' id='word_1_173' title='bbox 194 2165 259 2204; x_wconf 90' lang='lat' dir='ltr'><strong>eum</strong></span> <span class='ocrx_word' id='word_1_174' title='bbox 290 2143 506 2220; x_wconf 91' lang='lat' dir='ltr'><strong>percipiendum</strong></span> <span class='ocrx_word' id='word_1_175' title='bbox 539 2144 600 2201; x_wconf 88' lang='lat' dir='ltr'><strong>fere</strong></span> <span class='ocrx_word' id='word_1_176' title='bbox 632 2142 723 2218; x_wconf 88' lang='lat' dir='ltr'><strong>inepti</strong></span> <span class='ocrx_word' id='word_1_177' title='bbox 753 2146 830 2213; x_wconf 91' lang='lat' dir='ltr'><strong>sunt,</strong></span> <span class='ocrx_word' id='word_1_178' title='bbox 863 2147 892 2200; x_wconf 91' lang='lat' dir='ltr'><strong>et</strong></span> <span class='ocrx_word' id='word_1_179' title='bbox 913 2142 984 2201; x_wconf 93' lang='lat' dir='ltr'><strong>nihil</strong></span> <span class='ocrx_word' id='word_1_180' title='bbox 1005 2142 1100 2201; x_wconf 91' lang='lat' dir='ltr'><strong>minus</strong></span> <span class='ocrx_word' id='word_1_181' title='bbox 1121 2164 1207 2219; x_wconf 90' lang='lat' dir='ltr'><strong>quam</strong></span> <span class='ocrx_word' id='word_1_182' title='bbox 1229 2164 1266 2202; x_wconf 84' lang='lat' dir='ltr'><strong>ex</strong></span> 
     </span>
     <span class='ocr_line' id='line_1_23' title="bbox 195 2223 1265 2299; baseline -0.002 -15"><span class='ocrx_word' id='word_1_183' title='bbox 195 2225 318 2284; x_wconf 85' lang='lat' dir='ltr'><strong>Ratione</strong></span> <span class='ocrx_word' id='word_1_184' title='bbox 349 2225 469 2296; x_wconf 83' lang='lat' dir='ltr'><strong>vivunt3</strong></span> <span class='ocrx_word' id='word_1_185' title='bbox 501 2223 565 2282; x_wconf 90' lang='lat' dir='ltr'><strong>ideo</strong></span> <span class='ocrx_word' id='word_1_186' title='bbox 597 2223 787 2298; x_wconf 88' lang='lat' dir='ltr'><strong>legislatores,</strong></span> <span class='ocrx_word' id='word_1_187' title='bbox 808 2227 842 2281; x_wconf 92' lang='lat' dir='ltr'><strong>ut</strong></span> <span class='ocrx_word' id='word_1_188' title='bbox 862 2243 962 2281; x_wconf 90' lang='lat' dir='ltr'><strong>omnes</strong></span> <span class='ocrx_word' id='word_1_189' title='bbox 984 2243 1066 2299; x_wconf 88' lang='lat' dir='ltr'><strong>acque</strong></span> <span class='ocrx_word' id='word_1_190' title='bbox 1088 2225 1265 2299; x_wconf 91' lang='lat' dir='ltr'><strong>constringe·</strong></span> 
     </span>
     <span class='ocr_line' id='line_1_24' title="bbox 194 2303 1264 2379; baseline -0.003 -14"><span class='ocrx_word' id='word_1_191' title='bbox 194 2310 268 2377; x_wconf 88' lang='lat' dir='ltr'><strong>rent,</strong></span> <span class='ocrx_word' id='word_1_192' title='bbox 290 2305 377 2364; x_wconf 88' lang='lat' dir='ltr'><strong>afium</strong></span> <span class='ocrx_word' id='word_1_193' title='bbox 397 2306 493 2378; x_wconf 92' lang='lat' dir='ltr'><strong>finem,</strong></span> <span class='ocrx_word' id='word_1_194' title='bbox 515 2305 601 2379; x_wconf 87' lang='lat' dir='ltr'><strong>longe</strong></span> <span class='ocrx_word' id='word_1_195' title='bbox 623 2303 768 2362; x_wconf 88' lang='lat' dir='ltr'><strong>diversum</strong></span> <span class='ocrx_word' id='word_1_196' title='bbox 790 2305 826 2362; x_wconf 92' lang='lat' dir='ltr'><strong>ab</strong></span> <span class='ocrx_word' id='word_1_197' title='bbox 847 2322 890 2375; x_wconf 91' lang='lat' dir='ltr'><strong>eo,</strong></span> <span class='ocrx_word' id='word_1_198' title='bbox 912 2303 1017 2379; x_wconf 88' lang='lat' dir='ltr'><strong>quiex</strong></span> <span class='ocrx_word' id='word_1_199' title='bbox 1038 2305 1135 2378; x_wconf 91' lang='lat' dir='ltr'><strong>legum</strong></span> <span class='ocrx_word' id='word_1_200' title='bbox 1156 2309 1264 2363; x_wconf 90' lang='lat' dir='ltr'><strong>natura</strong></span> 
     </span>
     <span class='ocr_line' id='line_1_25' title="bbox 195 2383 1264 2460; baseline -0.001 -16"><span class='ocrx_word' id='word_1_201' title='bbox 195 2386 356 2445; x_wconf 86' lang='lat' dir='ltr'><strong>necessario</strong></span> <span class='ocrx_word' id='word_1_202' title='bbox 377 2385 515 2460; x_wconf 88' lang='lat' dir='ltr'><strong>sequitur,</strong></span> <span class='ocrx_word' id='word_1_203' title='bbox 537 2384 683 2460; x_wconf 90' lang='lat' dir='ltr'><strong>sapienter</strong></span> <span class='ocrx_word' id='word_1_204' title='bbox 704 2387 877 2454; x_wconf 87' lang='lat' dir='ltr'><strong>statuerunt,</strong></span> <span class='ocrx_word' id='word_1_205' title='bbox 899 2402 1002 2458; x_wconf 86' lang='lat' dir='ltr'><strong>nempe</strong></span> <span class='ocrx_word' id='word_1_206' title='bbox 1023 2383 1119 2458; x_wconf 88' lang='lat' dir='ltr'><strong>legum</strong></span> <span class='ocrx_word' id='word_1_207' title='bbox 1140 2405 1264 2460; x_wconf 83' lang='lat' dir='ltr'><strong>propug-</strong></span> 
     </span>
     <span class='ocr_line' id='line_1_26' title="bbox 195 2463 1266 2540; baseline -0.001 -16"><span class='ocrx_word' id='word_1_208' title='bbox 195 2466 345 2524; x_wconf 90' lang='lat' dir='ltr'><strong>natoribus</strong></span> <span class='ocrx_word' id='word_1_209' title='bbox 365 2464 560 2540; x_wconf 92' lang='lat' dir='ltr'><strong>promittendo</strong></span> <span class='ocrx_word' id='word_1_210' title='bbox 582 2464 620 2533; x_wconf 91' lang='lat' dir='ltr'><strong>id,</strong></span> <span class='ocrx_word' id='word_1_211' title='bbox 643 2465 719 2539; x_wconf 92' lang='lat' dir='ltr'><strong>quod</strong></span> <span class='ocrx_word' id='word_1_212' title='bbox 740 2464 846 2538; x_wconf 86' lang='lat' dir='ltr'><strong>vulgus</strong></span> <span class='ocrx_word' id='word_1_213' title='bbox 866 2463 988 2522; x_wconf 81' lang='lat' dir='ltr'><strong>maxime</strong></span> <span class='ocrx_word' id='word_1_214' title='bbox 1010 2469 1097 2535; x_wconf 89' lang='lat' dir='ltr'><strong>amat,</strong></span> <span class='ocrx_word' id='word_1_215' title='bbox 1119 2470 1149 2522; x_wconf 86' lang='lat' dir='ltr'><strong>et</strong></span> <span class='ocrx_word' id='word_1_216' title='bbox 1163 2470 1266 2523; x_wconf 90' lang='lat' dir='ltr'><strong>contra</strong></span> 
     </span>
     <span class='ocr_line' id='line_1_27' title="bbox 196 2543 1266 2620; baseline 0 -17"><span class='ocrx_word' id='word_1_217' title='bbox 196 2546 239 2617; x_wconf 88' lang='lat' dir='ltr'><strong>iis,</strong></span> <span class='ocrx_word' id='word_1_218' title='bbox 262 2545 311 2620; x_wconf 94' lang='lat' dir='ltr'><strong>qui</strong></span> <span class='ocrx_word' id='word_1_219' title='bbox 332 2565 381 2603; x_wconf 87' lang='lat' dir='ltr'><strong>eas</strong></span> <span class='ocrx_word' id='word_1_220' title='bbox 402 2545 554 2615; x_wconf 90' lang='lat' dir='ltr'><strong>violarent,</strong></span> <span class='ocrx_word' id='word_1_221' title='bbox 576 2543 736 2602; x_wconf 90' lang='lat' dir='ltr'><strong>minitando</strong></span> <span class='ocrx_word' id='word_1_222' title='bbox 755 2543 793 2614; x_wconf 85' lang='lat' dir='ltr'><strong>id,</strong></span> <span class='ocrx_word' id='word_1_223' title='bbox 817 2545 893 2620; x_wconf 91' lang='lat' dir='ltr'><strong>quod</strong></span> <span class='ocrx_word' id='word_1_224' title='bbox 911 2543 1036 2602; x_wconf 85' lang='lat' dir='ltr'><strong>maxime</strong></span> <span class='ocrx_word' id='word_1_225' title='bbox 1050 2544 1152 2616; x_wconf 74' lang='lat' dir='ltr'><strong>timet,</strong></span> <span class='ocrx_word' id='word_1_226' title='bbox 1168 2546 1266 2620; x_wconf 89' lang='lat' dir='ltr'><strong>sicque</strong></span> 
     </span>
     <span class='ocr_line' id='line_1_28' title="bbox 196 2625 1266 2700; baseline -0.001 -16"><span class='ocrx_word' id='word_1_227' title='bbox 196 2625 292 2684; x_wconf 90' lang='lat' dir='ltr'><strong>conati</strong></span> <span class='ocrx_word' id='word_1_228' title='bbox 324 2630 392 2683; x_wconf 90' lang='lat' dir='ltr'><strong>sunt</strong></span> <span class='ocrx_word' id='word_1_229' title='bbox 423 2625 551 2698; x_wconf 86' lang='lat' dir='ltr'><strong>vulgum,</strong></span> <span class='ocrx_word' id='word_1_230' title='bbox 583 2629 724 2699; x_wconf 88' lang='lat' dir='ltr'><strong>tanquam</strong></span> <span class='ocrx_word' id='word_1_231' title='bbox 756 2643 861 2700; x_wconf 89' lang='lat' dir='ltr'><strong>equum</strong></span> <span class='ocrx_word' id='word_1_232' title='bbox 881 2625 980 2695; x_wconf 81' lang='lat' dir='ltr'><strong>fraeno,</strong></span> <span class='ocrx_word' id='word_1_233' title='bbox 1004 2625 1098 2700; x_wconf 89' lang='lat' dir='ltr'><strong>quoad</strong></span> <span class='ocrx_word' id='word_1_234' title='bbox 1119 2625 1182 2700; x_wconf 87' lang='lat' dir='ltr'><strong>ejus</strong></span> <span class='ocrx_word' id='word_1_235' title='bbox 1202 2625 1266 2683; x_wconf 93' lang='lat' dir='ltr'><strong>fieri</strong></span> 
     </span>
     <span class='ocr_line' id='line_1_29' title="bbox 196 2704 1278 2782; baseline 0 -18"><span class='ocrx_word' id='word_1_236' title='bbox 196 2710 300 2782; x_wconf 91' lang='lat' dir='ltr'><strong>potest,</strong></span> <span class='ocrx_word' id='word_1_237' title='bbox 323 2705 469 2776; x_wconf 88' lang='lat' dir='ltr'><strong>cohibere;</strong></span> <span class='ocrx_word' id='word_1_238' title='bbox 491 2705 568 2763; x_wconf 92' lang='lat' dir='ltr'><strong>unde</strong></span> <span class='ocrx_word' id='word_1_239' title='bbox 588 2705 696 2762; x_wconf 87' lang='lat' dir='ltr'><strong>factum</strong></span> <span class='ocrx_word' id='word_1_240' title='bbox 718 2708 771 2776; x_wconf 92' lang='lat' dir='ltr'><strong>est,</strong></span> <span class='ocrx_word' id='word_1_241' title='bbox 792 2709 826 2762; x_wconf 94' lang='lat' dir='ltr'><strong>ut</strong></span> <span class='ocrx_word' id='word_1_242' title='bbox 836 2724 888 2779; x_wconf 94' lang='lat' dir='ltr'><strong>pro</strong></span> <span class='ocrx_word' id='word_1_243' title='bbox 900 2704 964 2778; x_wconf 87' lang='lat' dir='ltr'><strong>lege</strong></span> <span class='ocrx_word' id='word_1_244' title='bbox 975 2705 1099 2763; x_wconf 82' lang='lat' dir='ltr'><strong>maxime</strong></span> <span class='ocrx_word' id='word_1_245' title='bbox 1110 2706 1278 2764; x_wconf 87' lang='lat' dir='ltr'><strong>haberetur</strong></span> 
     </span>
     <span class='ocr_line' id='line_1_30' title="bbox 197 2784 1266 2860; baseline -0.001 -15"><span class='ocrx_word' id='word_1_246' title='bbox 197 2786 270 2845; x_wconf 90' lang='lat' dir='ltr'><strong>ratio</strong></span> <span class='ocrx_word' id='word_1_247' title='bbox 299 2785 424 2857; x_wconf 86' lang='lat' dir='ltr'><strong>vivendi,</strong></span> <span class='ocrx_word' id='word_1_248' title='bbox 447 2805 509 2860; x_wconf 90' lang='lat' dir='ltr'><strong>quae</strong></span> <span class='ocrx_word' id='word_1_249' title='bbox 530 2784 693 2843; x_wconf 90' lang='lat' dir='ltr'><strong>hominibus</strong></span> <span class='ocrx_word' id='word_1_250' title='bbox 714 2805 752 2842; x_wconf 82' lang='lat' dir='ltr'><strong>ex</strong></span> <span class='ocrx_word' id='word_1_251' title='bbox 772 2784 893 2842; x_wconf 92' lang='lat' dir='ltr'><strong>aliorum</strong></span> <span class='ocrx_word' id='word_1_252' title='bbox 913 2784 1033 2860; x_wconf 89' lang='lat' dir='ltr'><strong>imperio</strong></span> <span class='ocrx_word' id='word_1_253' title='bbox 1053 2786 1266 2860; x_wconf 88' lang='lat' dir='ltr'><strong>praescribitur:</strong></span> 
     </span>
     <span class='ocr_line' id='line_1_31' title="bbox 196 2864 1267 2942; baseline 0 -18"><span class='ocrx_word' id='word_1_254' title='bbox 196 2871 226 2924; x_wconf 90' lang='lat' dir='ltr'><strong>et</strong></span> <span class='ocrx_word' id='word_1_255' title='bbox 246 2871 456 2942; x_wconf 89' lang='lat' dir='ltr'><strong>consequenter</strong></span> <span class='ocrx_word' id='word_1_256' title='bbox 477 2870 510 2923; x_wconf 96' lang='lat' dir='ltr'><strong>ut</strong></span> <span class='ocrx_word' id='word_1_257' title='bbox 529 2865 558 2934; x_wconf 87' lang='lat' dir='ltr'><strong>ii,</strong></span> <span class='ocrx_word' id='word_1_258' title='bbox 581 2864 630 2940; x_wconf 92' lang='lat' dir='ltr'><strong>qui</strong></span> <span class='ocrx_word' id='word_1_259' title='bbox 649 2864 763 2939; x_wconf 90' lang='lat' dir='ltr'><strong>legibus</strong></span> <span class='ocrx_word' id='word_1_260' title='bbox 784 2868 993 2940; x_wconf 89' lang='lat' dir='ltr'><strong>obtemperant,</strong></span> <span class='ocrx_word' id='word_1_261' title='bbox 1016 2869 1069 2923; x_wconf 91' lang='lat' dir='ltr'><strong>sub</strong></span> <span class='ocrx_word' id='word_1_262' title='bbox 1090 2867 1154 2940; x_wconf 88' lang='lat' dir='ltr'><strong>lege</strong></span> <span class='ocrx_word' id='word_1_263' title='bbox 1166 2866 1267 2925; x_wconf 85' lang='lat' dir='ltr'><strong>vivere</strong></span> 
     </span>
     <span class='ocr_line' id='line_1_32' title="bbox 196 2945 1268 3021; baseline -0.001 -16"><span class='ocrx_word' id='word_1_264' title='bbox 196 2947 338 3018; x_wconf 89' lang='lat' dir='ltr'><strong>dicantur,</strong></span> <span class='ocrx_word' id='word_1_265' title='bbox 370 2951 400 3004; x_wconf 91' lang='lat' dir='ltr'><strong>ct</strong></span> <span class='ocrx_word' id='word_1_266' title='bbox 426 2946 535 3004; x_wconf 85' lang='lat' dir='ltr'><strong>servire</strong></span> <span class='ocrx_word' id='word_1_267' title='bbox 565 2945 728 3004; x_wconf 84' lang='lat' dir='ltr'><strong>videantur.</strong></span> <span class='ocrx_word' id='word_1_268' title='bbox 758 2946 796 3003; x_wconf 86' lang='lat' dir='ltr'><strong>Et</strong></span> <span class='ocrx_word' id='word_1_269' title='bbox 816 2965 919 3004; x_wconf 91' lang='lat' dir='ltr'><strong>revera</strong></span> <span class='ocrx_word' id='word_1_270' title='bbox 941 2946 990 3020; x_wconf 88' lang='lat' dir='ltr'><strong>qui</strong></span> <span class='ocrx_word' id='word_1_271' title='bbox 1010 2945 1163 3021; x_wconf 91' lang='lat' dir='ltr'><strong>unicuique</strong></span> <span class='ocrx_word' id='word_1_272' title='bbox 1184 2966 1268 3004; x_wconf 90' lang='lat' dir='ltr'><strong>suum</strong></span> 
     </span>
     <span class='ocr_line' id='line_1_33' title="bbox 196 3025 1267 3103; baseline 0 -18"><span class='ocrx_word' id='word_1_273' title='bbox 196 3027 306 3097; x_wconf 91' lang='lat' dir='ltr'><strong>tribuit,</strong></span> <span class='ocrx_word' id='word_1_274' title='bbox 338 3027 406 3103; x_wconf 91' lang='lat' dir='ltr'><strong>quia</strong></span> <span class='ocrx_word' id='word_1_275' title='bbox 436 3026 596 3102; x_wconf 86' lang='lat' dir='ltr'><strong>patibulum</strong></span> <span class='ocrx_word' id='word_1_276' title='bbox 628 3025 718 3098; x_wconf 90' lang='lat' dir='ltr'><strong>timet,</strong></span> <span class='ocrx_word' id='word_1_277' title='bbox 751 3025 776 3082; x_wconf 91' lang='lat' dir='ltr'><strong>is</strong></span> <span class='ocrx_word' id='word_1_278' title='bbox 804 3046 840 3084; x_wconf 86' lang='lat' dir='ltr'><strong>ex</strong></span> <span class='ocrx_word' id='word_1_279' title='bbox 862 3025 980 3084; x_wconf 90' lang='lat' dir='ltr'><strong>alterius</strong></span> <span class='ocrx_word' id='word_1_280' title='bbox 1000 3025 1119 3101; x_wconf 91' lang='lat' dir='ltr'><strong>imperio</strong></span> <span class='ocrx_word' id='word_1_281' title='bbox 1141 3031 1171 3084; x_wconf 92' lang='lat' dir='ltr'><strong>et</strong></span> <span class='ocrx_word' id='word_1_282' title='bbox 1191 3027 1267 3085; x_wconf 90' lang='lat' dir='ltr'><strong>malo</strong></span> 
     </span>
     <span class='ocr_line' id='line_1_34' title="bbox 198 3105 1268 3182; baseline -0.002 -16"><span class='ocrx_word' id='word_1_283' title='bbox 198 3113 315 3166; x_wconf 86' lang='lat' dir='ltr'><strong>coactus</strong></span> <span class='ocrx_word' id='word_1_284' title='bbox 336 3107 406 3181; x_wconf 87' lang='lat' dir='ltr'><strong>agit,</strong></span> <span class='ocrx_word' id='word_1_285' title='bbox 428 3126 482 3165; x_wconf 89' lang='lat' dir='ltr'><strong>nec</strong></span> <span class='ocrx_word' id='word_1_286' title='bbox 500 3107 596 3182; x_wconf 88' lang='lat' dir='ltr'><strong>justus</strong></span> <span class='ocrx_word' id='word_1_287' title='bbox 616 3106 715 3164; x_wconf 91' lang='lat' dir='ltr'><strong>vocari</strong></span> <span class='ocrx_word' id='word_1_288' title='bbox 735 3110 844 3182; x_wconf 80' lang='lat' dir='ltr'><strong>potest3</strong></span> <span class='ocrx_word' id='word_1_289' title='bbox 867 3110 898 3163; x_wconf 89' lang='lat' dir='ltr'><strong>at</strong></span> <span class='ocrx_word' id='word_1_290' title='bbox 908 3106 941 3177; x_wconf 87' lang='lat' dir='ltr'><strong>is,</strong></span> <span class='ocrx_word' id='word_1_291' title='bbox 955 3105 1004 3181; x_wconf 93' lang='lat' dir='ltr'><strong>qui</strong></span> <span class='ocrx_word' id='word_1_292' title='bbox 1015 3106 1169 3181; x_wconf 93' lang='lat' dir='ltr'><strong>unicuique</strong></span> <span class='ocrx_word' id='word_1_293' title='bbox 1183 3126 1268 3165; x_wconf 90' lang='lat' dir='ltr'><strong>suurn</strong></span> 
     </span>
     <span class='ocr_line' id='line_1_35' title="bbox 198 3185 1268 3262; baseline -0.001 -16"><span class='ocrx_word' id='word_1_294' title='bbox 198 3187 301 3246; x_wconf 88' lang='lat' dir='ltr'><strong>tribuit</strong></span> <span class='ocrx_word' id='word_1_295' title='bbox 332 3207 370 3245; x_wconf 82' lang='lat' dir='ltr'><strong>ex</strong></span> <span class='ocrx_word' id='word_1_296' title='bbox 399 3207 441 3257; x_wconf 94' lang='lat' dir='ltr'><strong>eo,</strong></span> <span class='ocrx_word' id='word_1_297' title='bbox 475 3187 551 3262; x_wconf 92' lang='lat' dir='ltr'><strong>quod</strong></span> <span class='ocrx_word' id='word_1_298' title='bbox 583 3207 681 3245; x_wconf 92' lang='lat' dir='ltr'><strong>veram</strong></span> <span class='ocrx_word' id='word_1_299' title='bbox 712 3186 808 3260; x_wconf 90' lang='lat' dir='ltr'><strong>legum</strong></span> <span class='ocrx_word' id='word_1_300' title='bbox 837 3185 978 3243; x_wconf 90' lang='lat' dir='ltr'><strong>rationem</strong></span> <span class='ocrx_word' id='word_1_301' title='bbox 1000 3191 1030 3244; x_wconf 90' lang='lat' dir='ltr'><strong>ct</strong></span> <span class='ocrx_word' id='word_1_302' title='bbox 1050 3206 1149 3245; x_wconf 88' lang='lat' dir='ltr'><strong>earum</strong></span> <span class='ocrx_word' id='word_1_303' title='bbox 1170 3207 1268 3245; x_wconf 90' lang='lat' dir='ltr'><strong>neces·</strong></span> 
     </span>
     <span class='ocr_line' id='line_1_36' title="bbox 198 3266 1267 3342; baseline -0.001 -16"><span class='ocrx_word' id='word_1_304' title='bbox 198 3267 314 3326; x_wconf 90' lang='lat' dir='ltr'><strong>sitatem</strong></span> <span class='ocrx_word' id='word_1_305' title='bbox 336 3267 426 3337; x_wconf 86' lang='lat' dir='ltr'><strong>novit,</strong></span> <span class='ocrx_word' id='word_1_306' title='bbox 449 3268 474 3324; x_wconf 90' lang='lat' dir='ltr'><strong>is</strong></span> <span class='ocrx_word' id='word_1_307' title='bbox 496 3267 590 3325; x_wconf 90' lang='lat' dir='ltr'><strong>animo</strong></span> <span class='ocrx_word' id='word_1_308' title='bbox 612 3267 755 3324; x_wconf 86' lang='lat' dir='ltr'><strong>constanti</strong></span> <span class='ocrx_word' id='word_1_309' title='bbox 778 3266 848 3341; x_wconf 87' lang='lat' dir='ltr'><strong>agit,</strong></span> <span class='ocrx_word' id='word_1_310' title='bbox 871 3271 900 3324; x_wconf 95' lang='grc'><strong>11</strong></span> <span class='ocrx_word' id='word_1_311' title='bbox 921 3287 958 3324; x_wconf 85' lang='lat' dir='ltr'><strong>ex</strong></span> <span class='ocrx_word' id='word_1_312' title='bbox 978 3267 1106 3342; x_wconf 92' lang='lat' dir='ltr'><strong>proprio,</strong></span> <span class='ocrx_word' id='word_1_313' title='bbox 1128 3287 1187 3325; x_wconf 90' lang='lat' dir='ltr'><strong>non</strong></span> <span class='ocrx_word' id='word_1_314' title='bbox 1197 3287 1267 3326; x_wconf 89' lang='lat' dir='ltr'><strong>vero</strong></span> 
     </span>
     <span class='ocr_line' id='line_1_37' title="bbox 200 3347 1267 3423; baseline -0.001 -17"><span class='ocrx_word' id='word_1_315' title='bbox 200 3348 292 3406; x_wconf 90' lang='lat' dir='ltr'><strong>alieno</strong></span> <span class='ocrx_word' id='word_1_316' title='bbox 315 3348 439 3418; x_wconf 87' lang='lat' dir='ltr'><strong>decreto,</strong></span> <span class='ocrx_word' id='word_1_317' title='bbox 462 3348 590 3422; x_wconf 88' lang='lat' dir='ltr'><strong>adeoque</strong></span> <span class='ocrx_word' id='word_1_318' title='bbox 608 3348 705 3423; x_wconf 89' lang='lat' dir='ltr'><strong>justus</strong></span> <span class='ocrx_word' id='word_1_319' title='bbox 725 3347 828 3405; x_wconf 89' lang='lat' dir='ltr'><strong>merito</strong></span> <span class='ocrx_word' id='word_1_320' title='bbox 848 3351 979 3405; x_wconf 90' lang='lat' dir='ltr'><strong>vocatur.</strong></span> <span class='ocrx_word' id='word_1_321' title='bbox 1002 3348 1083 3417; x_wconf 79' lang='lat' dir='ltr'><strong>Quod</strong></span> <span class='ocrx_word' id='word_1_322' title='bbox 1095 3347 1182 3405; x_wconf 91' lang='lat' dir='ltr'><strong>etiarn</strong></span> <span class='ocrx_word' id='word_1_323' title='bbox 1194 3348 1267 3406; x_wconf 93' lang='lat' dir='ltr'><strong>Pau·</strong></span> 
     </span>
     <span class='ocr_line' id='line_1_38' title="bbox 198 3426 1268 3503; baseline 0 -17"><span class='ocrx_word' id='word_1_324' title='bbox 198 3429 258 3486; x_wconf 93' lang='lat' dir='ltr'><strong>lum</strong></span> <span class='ocrx_word' id='word_1_325' title='bbox 289 3429 391 3485; x_wconf 92' lang='lat' dir='ltr'><strong>docere</strong></span> <span class='ocrx_word' id='word_1_326' title='bbox 419 3428 543 3486; x_wconf 86' lang='lat' dir='ltr'><strong>voluisse</strong></span> <span class='ocrx_word' id='word_1_327' title='bbox 574 3433 653 3503; x_wconf 84' lang='lat' dir='ltr'><strong>puto,</strong></span> <span class='ocrx_word' id='word_1_328' title='bbox 687 3447 752 3485; x_wconf 91' lang='lat' dir='ltr'><strong>cum</strong></span> <span class='ocrx_word' id='word_1_329' title='bbox 774 3426 855 3497; x_wconf 83' lang='lat' dir='ltr'><strong>dixit,</strong></span> <span class='ocrx_word' id='word_1_330' title='bbox 878 3447 935 3499; x_wconf 81' lang='lat' dir='ltr'><strong>coe,</strong></span> <span class='ocrx_word' id='word_1_331' title='bbox 959 3427 1008 3502; x_wconf 93' lang='lat' dir='ltr'><strong>qui</strong></span> <span class='ocrx_word' id='word_1_332' title='bbox 1030 3430 1083 3486; x_wconf 90' lang='lat' dir='ltr'><strong>sub</strong></span> <span class='ocrx_word' id='word_1_333' title='bbox 1104 3428 1169 3502; x_wconf 88' lang='lat' dir='ltr'><strong>lege</strong></span> <span class='ocrx_word' id='word_1_334' title='bbox 1189 3427 1268 3487; x_wconf 84' lang='lat' dir='ltr'><strong>vive·</strong></span> 
     </span>
     <span class='ocr_line' id='line_1_39' title="bbox 200 3508 1267 3586; baseline 0 -20"><span class='ocrx_word' id='word_1_335' title='bbox 200 3511 279 3577; x_wconf 90' lang='lat' dir='ltr'><strong>bant,</strong></span> <span class='ocrx_word' id='word_1_336' title='bbox 301 3528 353 3583; x_wconf 91' lang='lat' dir='ltr'><strong>per</strong></span> <span class='ocrx_word' id='word_1_337' title='bbox 373 3509 465 3582; x_wconf 89' lang='lat' dir='ltr'><strong>legem</strong></span> <span class='ocrx_word' id='word_1_338' title='bbox 486 3508 637 3586; x_wconf 81' lang='lat' dir='ltr'><strong>justificari</strong></span> <span class='ocrx_word' id='word_1_339' title='bbox 659 3527 716 3565; x_wconf 93' lang='lat' dir='ltr'><strong>non</strong></span> <span class='ocrx_word' id='word_1_340' title='bbox 737 3508 885 3582; x_wconf 90' lang='lat' dir='ltr'><strong>potuisse;</strong></span> <span class='ocrx_word' id='word_1_341' title='bbox 905 3508 1019 3583; x_wconf 87' lang='lat' dir='ltr'><strong>justitia</strong></span> <span class='ocrx_word' id='word_1_342' title='bbox 1040 3508 1125 3578; x_wconf 84' lang='lat' dir='ltr'><strong>enim,</strong></span> <span class='ocrx_word' id='word_1_343' title='bbox 1147 3512 1180 3566; x_wconf 90' lang='lat' dir='ltr'><strong>ut</strong></span> <span class='ocrx_word' id='word_1_344' title='bbox 1194 3528 1267 3566; x_wconf 89' lang='lat' dir='ltr'><strong>corn·</strong></span> 
     </span>
    </p>
   </div>
   <div class='ocr_carea' id='block_1_3' title="bbox 199 3587 1268 3744">
    <p class='ocr_par' dir='ltr' id='par_1_4' title="bbox 199 3587 1268 3744">
     <span class='ocr_line' id='line_1_40' title="bbox 199 3587 1268 3664; baseline 0 -18"><span class='ocrx_word' id='word_1_345' title='bbox 199 3589 325 3646; x_wconf 89' lang='lat' dir='ltr'><strong>muniter</strong></span> <span class='ocrx_word' id='word_1_346' title='bbox 357 3587 500 3658; x_wconf 89' lang='lat' dir='ltr'><strong>definitur,</strong></span> <span class='ocrx_word' id='word_1_347' title='bbox 530 3593 575 3646; x_wconf 90' lang='lat' dir='ltr'><strong>est</strong></span> <span class='ocrx_word' id='word_1_348' title='bbox 595 3593 732 3646; x_wconf 84' lang='lat' dir='ltr'><strong>constans</strong></span> <span class='ocrx_word' id='word_1_349' title='bbox 753 3592 782 3645; x_wconf 91' lang='lat' dir='ltr'><strong>et</strong></span> <span class='ocrx_word' id='word_1_350' title='bbox 802 3592 942 3663; x_wconf 89' lang='lat' dir='ltr'><strong>perpetua</strong></span> <span class='ocrx_word' id='word_1_351' title='bbox 963 3590 1128 3664; x_wconf 88' lang='lat' dir='ltr'><strong>voluntasj</strong></span> <span class='ocrx_word' id='word_1_352' title='bbox 1185 3608 1268 3647; x_wconf 89' lang='lat' dir='ltr'><strong>suurn</strong></span> 
     </span>
     <span class='ocr_line' id='line_1_41' title="bbox 200 3667 1259 3744; baseline 0 -18"><span class='ocrx_word' id='word_1_353' title='bbox 200 3667 303 3744; x_wconf 90' lang='lat' dir='ltr'><strong>cuique</strong></span> <span class='ocrx_word' id='word_1_354' title='bbox 334 3668 493 3738; x_wconf 90' lang='lat' dir='ltr'><strong>tribuendi;</strong></span> <span class='ocrx_word' id='word_1_355' title='bbox 526 3674 555 3726; x_wconf 89' lang='lat' dir='ltr'><strong>et</strong></span> <span class='ocrx_word' id='word_1_356' title='bbox 582 3668 646 3726; x_wconf 93' lang='lat' dir='ltr'><strong>ideo</strong></span> <span class='ocrx_word' id='word_1_357' title='bbox 668 3668 801 3726; x_wconf 81' lang='lat' dir='ltr'><strong>Salomon</strong></span> <span class='ocrx_word' id='word_1_358' title='bbox 823 3688 885 3743; x_wconf 89' lang='lat' dir='ltr'><strong>cap.</strong></span> <span class='ocrx_word' id='word_1_359' title='bbox 909 3670 956 3727; x_wconf 82' lang='lat'><strong>21.</strong></span> <span class='ocrx_word' id='word_1_360' title='bbox 979 3689 1053 3727; x_wconf 86' lang='lat' dir='ltr'><strong>vere.</strong></span> <span class='ocrx_word' id='word_1_361' title='bbox 1078 3670 1124 3728; x_wconf 85' lang='lat'><strong>15.</strong></span> <span class='ocrx_word' id='word_1_362' title='bbox 1140 3669 1259 3727; x_wconf 89' lang='lat' dir='ltr'><strong>*Prov</strong></span> 
     </span>
    </p>
   </div>
   <div class='ocr_carea' id='block_1_4' title="bbox 231 3847 427 3906">
    <p class='ocr_par' dir='ltr' id='par_1_5' title="bbox 231 3847 427 3906">
     <span class='ocr_line' id='line_1_42' title="bbox 231 3847 427 3906; baseline 0.005 -14"><span class='ocrx_word' id='word_1_363' title='bbox 231 3847 243 3872; x_wconf 82' lang='grc'>*</span> <span class='ocrx_word' id='word_1_364' title='bbox 259 3847 304 3893; x_wconf 84' lang='lat' dir='ltr'><strong>Ed.</strong></span> <span class='ocrx_word' id='word_1_365' title='bbox 321 3861 372 3906; x_wconf 73' lang='lat' dir='ltr'><strong>pn:</strong></span> <span class='ocrx_word' id='word_1_366' title='bbox 391 3847 427 3893; x_wconf 80' lang='lat'><strong>12.</strong></span> 
     </span>
    </p>
   </div>
   <div class='ocr_carea' id='block_1_5' title="bbox 0 0 1348 4298">
    <p class='ocr_par' dir='ltr' id='par_1_6' title="bbox 0 0 1348 4298">
     <span class='ocr_line' id='line_1_43' title="bbox 0 0 1348 4298; baseline 0 0"><span class='ocrx_word' id='word_1_367' title='bbox 0 0 1348 4298; x_wconf 95' lang='lat' dir='ltr'><strong> </strong></span> 
     </span>
    </p>
   </div>
  </div>
 </body>
</html>
