2662 4298
431 319 746 360 ruaonoarooronmror
767 321 832 362 one.
855 321 898 360 1x.
1164 301 1201 357 71

127 489 228 563 itaque
249 485 333 562 regni
355 486 449 545 Saulis
469 487 610 563 superiori
627 489 836 564 computationi
846 492 915 547 sunt
925 486 1057 546 addendi.
1070 485 1205 562 Denique

128 588 223 627 annos
254 566 410 626 Anarchiae
445 568 634 626 Hebraeorum
665 569 751 630 etiam
784 588 841 627 non
873 567 1032 637 numeravi,
1055 566 1202 641 quianon

128 652 268 708 constant
288 667 325 705 ex
345 647 410 722 ipsa
431 647 588 724 Scriptura.
611 648 686 720 Non,
707 649 833 725 inquam,
855 648 926 706 mihi
947 651 1063 706 constat
1076 651 1203 722 tempus,
1295 642 1298 652 ’

128 749 186 804 quo
216 728 267 786 illa
298 727 483 802 contigerint,
516 749 579 804 quae
612 749 649 788 ex
680 750 743 805 cap.
779 731 825 788 17.
858 748 949 805 usque
971 729 1007 786 ad
1027 728 1113 786 finem
1135 725 1203 785 libri

127 808 267 868 Judicum
297 812 463 867 narrantur.
496 809 542 866 Ex
572 809 618 867 his
640 810 738 884 itaque
759 809 917 868 clarissime
938 808 1078 885 sequitur,
1101 827 1201 865 veram

128 907 273 947 annorum
294 888 537 963 computationem
558 909 652 964 neque
674 909 712 948 ex
732 890 804 965 ipsis
814 889 942 948 historiis
953 893 1096 959 constare,
1108 907 1204 962 neque

126 970 209 1045 ipsas
239 967 376 1026 historias
395 967 427 1026 in
447 988 506 1026 una
527 970 683 1045 eademque
704 970 869 1040 convenIre,
891 970 941 1027 sed
963 970 1049 1028 valde
1071 968 1205 1026 dIversas

128 1067 301 1124 supponere.
336 1050 381 1106 Ac
414 1048 535 1123 proinde
565 1045 727 1120 fatendum,
757 1052 811 1108 has
841 1050 979 1108 historias
1011 1069 1049 1107 ex
1080 1047 1206 1107 diversis

128 1128 320 1204 scriptoribus
351 1128 486 1186 collectas
518 1148 589 1200 esse,
621 1151 675 1189 nec
695 1131 791 1189 adhuc
812 1130 961 1189 ordinatas
982 1147 1075 1204 neque
1096 1128 1202 1186 exami-

129 1214 217 1268 natas
227 1208 325 1266 fuisse.
340 1208 397 1266 Nec
408 1209 502 1267 minor
507 1209 622 1268 videtur
628 1211 717 1269 fuisse
723 1210 800 1269 circa
808 1229 949 1268 annorum
957 1209 1201 1284 computationem

129 1288 325 1364 discrepantia
366 1288 397 1346 in
439 1289 520 1347 libris
563 1290 769 1350 Chronicorum
800 1291 913 1364 Regum
944 1290 1029 1348 Judae
1061 1293 1090 1346 et
1120 1288 1203 1346 libris

130 1370 338 1428 Chronicorum
359 1369 471 1444 Regum
492 1370 617 1430 Israelis.
640 1372 675 1430 In
697 1369 847 1430 Chronicis
868 1369 944 1428 enim
961 1370 1075 1444 Regum
1086 1367 1206 1426 Israelis

130 1451 302 1518 habebatur,
335 1450 411 1524 quod
446 1450 585 1508 dehoram
617 1449 692 1510 filius
714 1451 831 1527 Aghabi
851 1469 976 1525 regnare
996 1448 1105 1524 incepit
1125 1468 1205 1506 anno

130 1530 257 1589 secundo
288 1529 372 1604 regni
403 1530 551 1589 dehorami
577 1531 628 1589 filii
650 1532 832 1607 Jehosa'phat
855 1531 931 1601 (vide
952 1531 1064 1605 Regum
1086 1528 1150 1588 libr.
1174 1529 1202 1586 2,

131 1629 195 1686 cap.
220 1612 246 1668 l.
268 1629 345 1668 vers.
369 1611 445 1682 17.);
468 1611 550 1670 etin
571 1611 722 1670 Chronicis
742 1613 855 1686 Regum
868 1612 961 1682 dudae,
977 1610 1202 1685 quodJehoram

131 1691 207 1749 filius
239 1690 421 1765 Jehosaphat
454 1710 577 1765 regnare
596 1692 706 1768 incepit
726 1712 803 1750 anuo
825 1691 927 1767 quinto
947 1690 1032 1766 regni
1053 1689 1203 1748 Jehorami

131 1771 183 1828 filii
214 1769 334 1844 Aghabi
365 1769 443 1844 (vide
475 1791 538 1847 cap.
572 1774 600 1832 8.
631 1792 707 1832 vers.
739 1775 785 1831 16.
812 1773 902 1848 ejusd.
923 1771 1010 1845 libri).
1032 1770 1116 1828 Etsi
1138 1769 1204 1846 quis

131 1855 275 1927 praeterea
306 1849 443 1908 historias
473 1851 539 1909 libri
571 1852 697 1929 Paralip.
729 1852 861 1911 conferre
891 1851 963 1910 velit
988 1871 1052 1910 cum
1074 1849 1203 1909 historiis
1304 1904 1308 1914 ,

130 1931 269 1988 librorum
291 1931 413 2004 Regum,
435 1932 533 2006 plures
554 1933 660 1991 similes
682 1933 892 2008 discrepantias
911 1931 1050 2001 inveniet,
1073 1950 1144 2006 quas
1155 1930 1206 1988 hic

132 2030 190 2069 non
210 2030 283 2086 opus
303 2011 396 2068 habeo
419 2031 577 2082 recensere,
600 2017 630 2071 et
649 2015 740 2072 multo
754 2013 850 2071 minus
864 2013 1018 2071 authorum
1030 2015 1201 2081 commenta,

132 2091 236 2167 quibus
265 2091 319 2148 has
339 2090 476 2150 historias
497 2093 650 2151 conciliare
671 2099 822 2152 conantur.
845 2092 951 2150 Rabirii
972 2110 1096 2165 namque
1116 2091 1204 2174 plane

131 2171 265 2229 delirant.
287 2170 537 2230 Commentatores
557 2179 663 2243 autern,
686 2194 759 2250 quos
779 2171 846 2247 legi,
869 2172 1022 2241 somniant,
1035 2171 1158 2245 fingunt,
1172 2175 1206 2228 et

130 2251 260 2326 linguam
283 2251 406 2326 denique
426 2251 518 2327 ipsam
540 2254 626 2329 plane
647 2257 844 2328 corrumpunt.
865 2252 898 2310 E.
923 2272 950 2326 g.
973 2271 1037 2309 oum
1051 2250 1082 2308 in
1095 2250 1159 2308 libr.
1173 2252 1200 2307 2,

130 2331 257 2406 Parahp.
270 2334 286 2367 '¹‘
319 2331 432 2401 dicitur,
456 2353 546 2392 annos
567 2336 764 2410 quodraginta
786 2335 857 2391 duos
878 2339 964 2390 rictas
985 2339 1048 2389 erat
1069 2331 1203 2406 Apbazia

131 2432 195 2470 com
216 2420 359 2488 regnaret,
382 2413 497 2487 fingunt
519 2414 643 2489 quidam,
666 2416 720 2472 hos
736 2433 828 2471 annos
841 2412 956 2471 initium
968 2430 1071 2486 capere
1083 2431 1100 2468 a
1112 2430 1206 2484 regno

131 2491 245 2562 Homri,
278 2512 337 2550 non
368 2497 464 2551 autem
497 2514 514 2552 a
545 2495 700 2553 nativitate
732 2493 889 2569 Aghaziae3
925 2492 1000 2567 quod
1033 2491 1057 2550 si
1084 2496 1207 2567 possent*

132 2573 293 2642 ostendere,
320 2572 464 2632 intentum
486 2575 618 2634 authoris
638 2576 777 2634 librorum
800 2574 925 2650 Paralip.
948 2573 1003 2631 hoc
1023 2572 1121 2643 finisse,
1144 2591 1203 2630 non

133 2652 326 2711 dubitaverim
358 2655 511 2725 affirmare,
544 2657 666 2714 cundem
697 2655 776 2732 loqui
809 2654 974 2714 nescivisse.
1006 2653 1044 2710 nt
1068 2653 1206 2710 adhunc

132 2734 247 2791 modum
269 2733 353 2808 plura
374 2733 431 2791 alia
452 2735 575 2809 fingunt,
598 2754 660 2810 quae
682 2736 707 2793 si
720 2756 792 2794 vera
806 2740 911 2807 essent,
927 2734 1058 2792 absolute
1070 2733 1202 2804 dicerem,

133 2813 268 2888 aritiquos
289 2814 428 2872 Hebraeos
449 2818 479 2872 et
499 2815 628 2889 linguam
650 2835 741 2888 suam,
764 2820 794 2874 et
814 2813 951 2874 narrandi
973 2814 1102 2872 ordinem
1117 2813 1206 2888 plane

131 2892 322 2967 ignoravisse,
365 2914 418 2952 nec
456 2895 543 2952 ullam
575 2896 717 2954 radonem
750 2915 844 2971 neque
875 2914 1005 2953 normam
1038 2893 1207 2967 Scripturas

131 2973 342 3050 interpretandi
363 2994 559 3048 agnoscerem,
581 2977 631 3034 sed
653 2977 689 3033 ad
711 2976 823 3034 libitum
846 2975 941 3032 omnia
962 2975 1073 3048 fingere
1092 2973 1202 3031 liceret.

90 3125 93 3130 .
173 3053 203 3111 Si
224 3053 288 3127 quis
309 3059 408 3112 tamen
429 3060 521 3130 putat,
543 3075 588 3113 me
610 3056 657 3114 hic
678 3055 763 3114 nirnis
785 3054 961 3129 generaliter
982 3073 1036 3112 nec
1051 3053 1204 3111 *satiacum

132 3133 319 3191 fundamento
352 3135 439 3210 loqui,
464 3135 556 3210 ipsum
579 3156 660 3210 rogo,
682 3140 715 3193 ut
736 3136 791 3193 hoc
812 3139 892 3209 agat,
915 3139 945 3192 et
965 3133 1048 3193 nobis
1069 3134 1209 3191 ostendat

133 3218 242 3272 certum
276 3214 400 3289 aliquem
432 3215 561 3273 ordinem
592 3217 623 3274 in
657 3215 735 3274 hisce
756 3214 893 3288 historiis,
916 3234 1000 3291 quem
1023 3212 1154 3272 historici
1173 3212 1202 3269 in

133 3292 349 3368 Chronologicis
381 3294 442 3352 sine
470 3301 588 3370 peccato
620 3295 736 3353 imatari
766 3299 898 3369 possent3
927 3299 957 3352 et
978 3295 1045 3352 dum
1068 3292 1207 3351 historias

131 3372 343 3449 interpretatur
366 3379 395 3432 et
416 3375 570 3434 conciliare
591 3381 722 3445 conatur,
745 3376 867 3450 phrases
888 3379 918 3432 et
938 3375 1038 3432 modos
1059 3372 1203 3448 loquendi,

133 3459 162 3510 et
193 3454 338 3512 orationes
370 3454 540 3530 disponendi
571 3460 600 3513 et
634 3453 816 3527 contexendi,
845 3455 917 3513 adeo
938 3455 1039 3513 stricte
1060 3456 1206 3523 observet,

133 3539 219 3609 atque
249 3534 292 3591 ita
324 3535 458 3609 explicet,
493 3540 526 3593 ut
557 3555 606 3593 eos
639 3534 795 3593 secundum
827 3554 908 3593 suam
931 3535 1154 3610 explicationem
1175 3531 1207 3590 in

133 3614 283 3672 scribendo
297 3613 404 3672 imitari
427 3615 512 3673 etiam
535 3616 678 3691 possimus
691 3617 740 3686 **;
763 3614 838 3689 quod
860 3615 885 3673 si
906 3615 1087 3690 praestiterit,
1102 3632 1210 3671 manus

135 3729 350 3739 ——-

166 3791 176 3809 ⁴*
193 3788 251 3849 Cap.
269 3791 307 3836 22.
324 3804 361 3836 vs.
379 3791 400 3836 2,
465 3793 486 3812 ’“
503 3792 542 3840 of.
557 3793 651 3838 Annot.
667 3789 759 3836 XVIII.
