2662 4298
427 349 742 389 Tfluouoeico-Ponlriffl
764 351 827 391 OAP.
850 352 911 391 XVI.

529 625 698 684 CAPUT
730 627 808 685 XVI.

143 813 188 870 De
213 812 387 887 Respublica
407 812 629 886 Fundamenta,
653 815 687 871 de
707 813 782 871 Jure
802 817 1025 891 uuiuscujusque
1046 817 1192 876 Naturali

285 900 311 950 et
335 893 434 966 Ciuili,
455 894 543 968 daque
563 893 752 951 Summarum
775 895 946 953 Potealatum
966 897 1049 956 dure.

172 1081 239 1138 Huc
260 1099 350 1154 usque
372 1077 586 1154 Philosophiam
607 1098 625 1136 a
646 1079 804 1154 Theologia
825 1100 961 1155 separare
982 1082 1158 1157 curavimus,
1172 1089 1203 1142 et

128 1161 295 1219 libertatem
315 1158 537 1235 philosophandi
548 1159 709 1229 ostendere,
722 1180 807 1235 quam
821 1161 884 1219 haec
895 1161 1048 1237 unicuique
1059 1164 1201 1221 coneedit.

130 1241 229 1310 Quare
249 1244 364 1315 tempus
379 1245 424 1298 est
437 1244 470 1297 ut
480 1238 659 1314 inquiramus
670 1259 726 1314 quo
738 1259 828 1315 usque
839 1242 903 1298 haec
915 1242 1035 1299 libertas
1046 1242 1200 1312 sentiendi,

127 1327 161 1379 et
192 1340 257 1395 quae
289 1319 487 1395 unusquisque
518 1319 607 1377 sentit
638 1319 758 1388 dicendi,
789 1320 819 1377 in
851 1321 959 1396 optima
981 1322 1139 1397 Republica
1170 1343 1201 1381 se

127 1401 279 1459 extendat.
303 1401 366 1458 Hoc
387 1405 419 1457 ut
439 1399 538 1457 ordine
553 1399 758 1472 examinemus,
771 1400 806 1458 de
817 1401 1012 1460 fundamentis
1023 1402 1199 1477 Reipublicae

129 1481 338 1551 disserendum,
360 1485 390 1538 et
409 1480 490 1555 prius
511 1481 546 1537 de
567 1481 639 1538 dure
660 1479 792 1538 Naturali
813 1482 1048 1557 uniuscujusque,
1064 1484 1101 1540 ad
1113 1483 1200 1541 Rem·

126 1560 274 1638 publicam
296 1565 326 1618 et
348 1560 526 1632 Religionem
548 1561 673 1617 nondum
696 1561 888 1619 attendentes.

170 1642 228 1700 Per
258 1642 314 1699 Jus
345 1645 374 1698 et
405 1640 575 1698 Institutum
606 1640 726 1698 Naturae
758 1640 829 1698 nihil
850 1641 927 1699 aliud
948 1640 1090 1717 intelligo,
1113 1662 1199 1717 quam

126 1721 248 1796 regulas
275 1726 389 1779 naturae
411 1720 636 1795 uniuscujusque
655 1720 805 1791 individui,
827 1723 984 1791 secundum
1006 1741 1078 1797 quas
1098 1742 1199 1780 unum-

127 1802 263 1877 quodque
297 1800 469 1859 naturaliter
499 1800 721 1859 determinatum
753 1801 928 1877 concipimus
958 1803 994 1860 ad
1016 1808 1094 1860 certo
1114 1803 1199 1861 modo

125 1881 312 1940 existendum
336 1887 365 1938 et
386 1882 572 1956 operandum.
594 1881 648 1938 Ex.
672 1901 715 1955 gr.
736 1880 830 1956 pisces
850 1902 868 1940 a
890 1883 1001 1940 Natura
1015 1882 1199 1941 determinati

126 1967 198 2020 sunt
230 1963 266 2019 ad
299 1962 467 2032 natandum,
500 1960 598 2035 magni
625 1961 662 2019 ad
683 1961 808 2020 minores
829 1963 1049 2032 eornedendum3
1072 1964 1200 2038 adeoque

125 2042 224 2119 pisces
255 2061 366 2100 summo
398 2041 608 2115 naturalijure
629 2061 705 2116 aqua
724 2041 883 2117 potiuntur.
906 2051 935 2100 et
956 2042 1055 2116 magni
1075 2043 1200 2101 minores

126 2122 292 2181 comedunt.
315 2121 388 2179 Nam
410 2128 520 2180 certum
542 2125 595 2188 est,
617 2121 757 2179 Naturam
778 2123 909 2180 absolute
930 2122 1141 2181 consideratam
1150 2124 1199 2197 jus

126 2221 272 2261 summum
293 2202 400 2260 habere
421 2203 457 2260 ad
479 2201 583 2266 omnia,
606 2221 671 2276 quae
693 2207 796 2276 potest,
820 2202 873 2260 hoe
895 2207 947 2271 est,
963 2204 1018 2260 Jus
1029 2202 1150 2260 Naturae
1163 2222 1197 2260 eo

126 2302 220 2358 usque
241 2302 272 2340 se
292 2283 457 2351 extendere,
482 2301 537 2356 quo
558 2301 650 2356 usque
671 2283 733 2356 ejus
743 2282 873 2357 potentia
884 2303 915 2340 se
927 2281 1067 2340 extendit.
1080 2283 1197 2341 Naturae

125 2363 205 2421 enim
226 2361 357 2437 potentia
376 2361 440 2437 ipsa
462 2362 514 2420 Dei
534 2361 666 2437 potentia
687 2367 739 2431 est,
762 2362 811 2437 qui
832 2383 972 2420 summum
993 2363 1041 2436 jus
1053 2363 1088 2420 ad
1101 2362 1198 2420 omnia
1216 2373 1218 2378 '

127 2445 233 2514 habet3
266 2443 333 2512 sed,¹
357 2442 426 2518 quia
456 2441 629 2500 universalis
659 2442 790 2516 potentia
810 2442 899 2501 totius
920 2443 1039 2501 Naturae
1061 2442 1131 2501 nihil
1153 2447 1198 2500 est

124 2528 237 2600 praeter
267 2522 426 2598 potentiam
459 2522 583 2580 omnium
617 2522 829 2582 individuorum
854 2523 946 2589 simul,
970 2523 1036 2581 hinc
1057 2523 1195 2598 sequitur,

126 2603 351 2678 unumquodque
381 2602 560 2660 individuum
589 2603 639 2677 jus
659 2623 799 2661 summum
822 2605 929 2662 habere
949 2604 984 2661 ad
1007 2603 1110 2671 omnia,
1133 2623 1196 2678 quae

126 2689 233 2759 potest,
255 2683 326 2753 sive,
346 2683 393 2757 jus
414 2683 638 2758 uniuscujusque
660 2703 693 2740 eo
714 2704 804 2758 usque
818 2685 1024 2748 seextendere.
1038 2703 1196 2759 quousque

125 2766 191 2839 ejus
211 2763 403 2821 determinata
425 2764 555 2838 potentia
575 2782 606 2820 se
628 2764 768 2822 extendit.
791 2765 827 2822 ut
849 2764 916 2839 quia
938 2766 986 2823 lex
1007 2784 1118 2822 summa
1139 2763 1194 2822 Na·

126 2849 203 2902 turae
235 2848 287 2910 est,
321 2849 353 2901 ut
373 2863 555 2919 unaquaeque
576 2863 622 2900 res
642 2843 671 2901 in
694 2864 745 2902 suo
767 2850 855 2911 statu,
877 2850 1015 2920 quantum
1037 2844 1067 2902 in
1088 2864 1119 2902 se
1141 2851 1194 2915 est,

125 2930 249 2982 conetur
269 2943 464 2999 perseverare.
486 2923 572 2998 idque
593 2923 672 2981 nulla
693 2924 820 2991 alterius,
842 2927 892 2982 sed
913 2924 1083 2982 tantumsui
1096 2924 1197 2982 habita

125 3004 257 3075 ratione;
290 3003 357 3062 hinc
387 3004 525 3078 sequitur,
547 3004 768 3078 unumquodque
788 3004 967 3062 individuum
986 3005 1034 3079 jus
1054 3024 1196 3062 summum

125 3086 163 3143 ad
185 3086 241 3142 hoc
262 3085 377 3152 habere,
401 3085 455 3142 hoc
475 3089 519 3142 est
541 3085 595 3154 (nti
616 3084 685 3157 dixi)
708 3085 743 3141 ad
766 3084 947 3142 existendum
968 3091 998 3142 et
1019 3085 1195 3159 operandum

126 3170 214 3241 prout
245 3165 417 3222 naturaliter
438 3164 658 3222 determinatum
681 3169 733 3221 est.
756 3164 815 3221 Nee
836 3163 882 3221 hie
904 3165 990 3222 ullam
1012 3164 1196 3238 agnoscimus

127 3245 320 3304 differentiam
348 3244 424 3302 inter
445 3245 574 3302 homines
595 3244 755 3319 etreliqua
779 3244 896 3302 Naturae
917 3243 1080 3312 individua;
1104 3263 1196 3317 neque

125 3325 204 3383 inter
225 3324 355 3382 homines
372 3325 492 3382 Ratione
502 3325 641 3400 praeditos
653 3329 682 3382 et
693 3324 769 3382 inter
779 3324 859 3394 alios,
873 3323 1031 3399 quiveram
1043 3323 1195 3400 Rationem

126 3405 279 3480 ignorant3
301 3425 393 3480 neque
413 3405 490 3462 inter
510 3406 615 3476 fatuos,
631 3404 794 3472 delirantes,
811 3410 840 3462 et
854 3424 948 3462 sanos.
965 3402 1106 3478 Quicquid
1118 3403 1195 3460 enim

127 3505 311 3560 unaquaeque
342 3505 388 3543 res
419 3505 457 3542 ex
487 3485 600 3560 legibus
630 3505 690 3542 suae
723 3491 835 3542 naturae
857 3484 927 3558 agit.
949 3484 978 3541 id
1000 3502 1111 3541 summo
1130 3483 1195 3557 jure

125 3565 198 3640 agit,
221 3565 355 3623 nimirum
378 3566 444 3639 quia
465 3565 535 3639 agit,
557 3571 644 3641 prout
665 3584 702 3623 ex
723 3565 834 3622 Natura
856 3563 1047 3622 determinata
1069 3569 1122 3631 cst,
1144 3583 1197 3622 nec

130 3647 207 3704 aliud
234 3651 340 3720 potest.
363 3645 458 3714 Quare
479 3645 556 3703 inter
577 3645 714 3714 hominos,
737 3645 874 3720 quamdiu
894 3648 947 3703 sub
968 3643 1087 3720 imperio
1108 3643 1196 3702 solius

125 3725 248 3784 Naturae
285 3726 385 3783 vivere
416 3725 645 3795 considerantur,
667 3731 726 3782 tam
747 3726 803 3795 ille,
825 3726 873 3800 qui
894 3725 1046 3784 Rationem
1068 3725 1194 3783 nondum

127 3807 219 3877 novit,
242 3806 288 3863 vel
310 3806 358 3880 qui
379 3806 497 3864 virtutis
517 3806 649 3863 habitum
670 3807 796 3863 nondum
818 3807 915 3878 habet,
937 3825 975 3864 ex
995 3806 1063 3863 solis
1083 3804 1197 3879 legibus
