2662 4298
395 350 713 391 runonocmo-ronrrrcr
734 352 799 393 cur.
821 352 850 393 v.
965 370 970 378 ,
1120 335 1157 392 11

83 523 191 580 mentis
210 521 322 590 mundi,
345 521 376 577 in
399 522 541 578 creaturis
560 521 622 578 suis
641 537 694 596 per
714 521 884 578 intellectum
898 522 1122 596 conspiciuntur,
1134 528 1160 580 et

84 605 180 660 uirtus
212 609 236 659 et
265 602 402 658 divinitus
427 601 496 676 ejus,
517 619 580 675 quoe
601 607 640 658 est
660 602 691 657 in
711 607 858 672 oeleraum,
880 602 951 658 adeo
971 608 1004 658 ut
1022 603 1079 658 siat
1099 605 1159 660 sine

84 683 204 758 cffupio
228 679 337 750 Quibus
351 679 423 738 satis
434 680 511 738 clare
521 679 640 749 indicat,
652 699 884 756 unumquemque
895 679 1016 738 Lumine
1026 681 1160 741 Naturali

85 763 165 821 clare
180 760 344 835 intelligere
359 760 413 818 Dei
425 760 563 818 virtutem
576 765 606 817 et
616 764 755 819 aeternam
766 759 957 833 divinitatem,
969 780 1008 818 ex
1019 781 1076 837 qua
1086 761 1159 820 scire

84 848 115 901 et
137 842 280 899 deducere
300 845 431 915 possunt,
454 839 523 916 quid
543 839 579 898 iis
600 841 785 915 quaerendum
805 841 911 915 quidve
924 840 1092 916 fugiendum
1104 841 1157 912 sit3

85 923 218 997 adeoque
258 920 412 991 concludit,
445 940 545 978 omnes
575 919 637 981 sine
668 920 773 994 effugio
807 940 879 990 esse,
911 940 965 979 nec
993 921 1160 996 ignorantia

85 1001 222 1061 excusari
242 1020 343 1076 posse3
366 1001 442 1077 quod
463 1001 593 1076 profecto
614 1006 742 1076 possent,
764 1001 788 1058 si
810 1002 845 1059 de
865 1000 973 1059 lumine
987 1006 1158 1077 supranatu-

83 1082 140 1140 rali
167 1083 342 1156 loqueretur,
368 1085 398 1139 et
418 1081 454 1138 de
475 1081 585 1138 carnali
605 1081 712 1139 Christi
734 1080 868 1156 passione
889 1087 918 1139 et
940 1081 1159 1154 resurrectione,

84 1168 141 1221 etc.
163 1163 203 1220 Et
223 1161 287 1219 ideo
308 1162 394 1236 paulo
415 1161 491 1219 iufra
512 1180 587 1220 vers.
610 1162 658 1220 24.
680 1161 730 1220 sic.
749 1160 862 1236 pergit:
886 1161 1010 1237 Propter
1031 1164 1081 1220 boc
1101 1170 1160 1221 tra·

82 1245 160 1302 didit
192 1260 237 1300 eos
272 1243 347 1300 Deus
367 1244 398 1298 in
420 1244 662 1316 concupiscentius
681 1244 849 1299 immundus
869 1244 963 1300 cordis
982 1261 1089 1313 eorum,
1110 1250 1160 1302 cic.

84 1341 177 1398 usque
198 1322 236 1380 ad
257 1322 344 1379 finem
365 1321 476 1396 capitis
500 1321 603 1396 quibus
623 1321 697 1380 vitia
716 1321 892 1397 ignorantiae
913 1321 1058 1391 describit,
1070 1342 1160 1402 eaque

84 1409 226 1478 tanquam
248 1401 423 1476 ignorantiae
445 1401 587 1476 supplicia
607 1406 741 1473 enarrat;
763 1402 839 1478 quod
851 1402 937 1477 plane
949 1402 1160 1460 convenitcum

84 1482 245 1541 Proverbio
266 1481 315 1540 illo
337 1481 497 1540 Salomonis
518 1502 580 1558 cap.
605 1484 651 1541 16.
673 1502 749 1542 vers.
766 1483 824 1555 22,
840 1483 916 1558 quod
926 1483 986 1558 jam
997 1482 1159 1555 citavimus,

86 1622 192 1678 nempe
220 1584 299 1661 nbis
322 1587 419 1661 ΨΚ
443 1604 527 1661 'utu
554 1609 579 1660 et
598 1604 773 1677 supplicium
796 1603 950 1660 stultorum
971 1609 1010 1660 est
1030 1602 1161 1661 stultitia.

87 1683 185 1753 Quare
213 1701 273 1739 non
293 1682 406 1752 mirum,
429 1683 505 1757 quod
527 1682 604 1740 dicat
625 1682 740 1754 Paulus,
763 1682 909 1740 maleficos
931 1702 993 1740 esse
1013 1681 1162 1740 inexcusa-

86 1763 176 1822 biles:
199 1762 273 1820 Nam
295 1767 382 1838 prout
402 1761 599 1837 unusquisque
619 1762 750 1836 seminat,
771 1763 814 1820 ita
834 1767 932 1833 metet,
945 1783 982 1820 ex
993 1761 1076 1820 malis
1087 1762 1163 1820 mala

87 1842 254 1901 necessario
286 1847 455 1917 sequuntur,
487 1842 542 1900 nisi
573 1843 720 1918 sapienter
753 1842 945 1918 corrigantur,
972 1847 1002 1900 et
1022 1862 1060 1900 ex
1080 1841 1163 1900 bonis

87 1925 174 1994 bona,
198 1923 223 1981 si
245 1922 333 1980 animi
354 1923 518 1980 constantia
539 1923 700 1981 comitetur.
723 1923 873 1998 Scriptura
892 1922 991 1998 itaque
1012 1922 1123 1980 Lumen
1134 1926 1164 1980 et

88 2004 200 2078 Legem
223 2002 352 2061 divinam
372 2003 540 2061 Naturalem
562 2004 908 2076 absolute-commendam
930 2008 1017 2078 atque
1032 2002 1085 2074 bis,
1101 2022 1164 2077 quae

87 2084 120 2142 in
142 2085 198 2142 hoc
219 2082 320 2158 Capite
342 2103 429 2157 agere
450 2103 665 2159 proposueram,
687 2084 809 2142 absolvi.

513 2294 681 2354 CAPUT
702 2296 739 2352 V.

88 2494 137 2552 Dc
158 2494 281 2566 ratione,
303 2512 356 2550 cur
380 2492 561 2551 Coeremouiae
580 2495 716 2550 instituta
735 2493 866 2565 fuerint·
887 2498 912 2549 et
933 2493 967 2549 de
983 2492 1056 2550 Fide
1071 2492 1165 2550 Histo-

158 2576 287 2644 riarum,
308 2592 415 2648 uempc
439 2591 496 2648 quo
518 2575 630 2630 ratione
651 2577 677 2630 et
698 2573 802 2648 qcribus
824 2592 858 2653 eq
878 2574 1037 2630 accessoria
1059 2574 1104 2630 sit.

132 2769 169 2826 In
189 2767 337 2843 superiore
359 2767 459 2843 Capite
481 2768 667 2841 ostendimus,
689 2768 784 2841 legem
805 2766 943 2836 divinam,
959 2787 1022 2842 quae
1034 2767 1164 2826 homines

89 2868 162 2907 vere
192 2851 295 2907 beatos
326 2849 421 2907 reddit
442 2852 472 2905 et
492 2868 591 2906 veram
612 2848 703 2906 vitam
724 2848 817 2917 docet,
840 2847 972 2905 omnibus
993 2867 1055 2905 esse
1076 2848 1164 2906 homi·

90 2928 178 2987 nibus
198 2928 404 3000 universalem3
426 2928 483 2986 imo
505 2948 568 2986 eam
590 2948 627 2986 ex
647 2929 774 2986 humana
795 2932 901 2985 natura
921 2927 963 2984 ita
984 2927 1163 3000 deduximus,

90 3013 125 3067 ut
157 3008 222 3083 ipsa
253 3009 385 3067 humanae
416 3008 508 3066 menti
533 3008 634 3066 innata
659 3013 688 3066 et
709 3007 790 3083 quasi
810 3007 951 3082 inscripta
972 3007 1165 3067 existimanda

91 3088 139 3147 sit.
162 3088 233 3147 Cum
254 3093 351 3148 autem
373 3088 559 3157 caeremoniae,
584 3109 624 3147 eae
646 3089 748 3146 saltem
769 3108 833 3163 quae
855 3089 1000 3146 habentur
1013 3089 1042 3146 in
1058 3089 1165 3148 Vetere

91 3169 288 3240 Testamento,
321 3169 455 3227 Hebraeis
485 3174 599 3227 tantum
630 3168 780 3239 institutae,
813 3173 843 3226 et
864 3188 962 3226 eorum
982 3168 1102 3244 imperio
1122 3169 1165 3227 ita

92 3249 315 3308 accommodatae
336 3249 454 3320 luerint,
476 3253 509 3307 ut
529 3248 656 3308 maxima
671 3269 707 3307 ex
722 3254 805 3324 parte
820 3251 856 3306 ab
868 3248 1005 3306 universa
1016 3248 1163 3321 societate,

92 3348 153 3387 non
185 3333 282 3388 autem
314 3332 350 3387 ab
377 3349 550 3405 unoquoque
571 3329 700 3387 exerceri
721 3328 884 3404 potuerint3
907 3333 1015 3386 certum
1038 3334 1091 3394 est,
1114 3349 1163 3387 eas

92 3409 131 3467 ad
161 3410 255 3484 legem
277 3409 404 3467 divinam
426 3430 484 3467 non
505 3410 659 3485 pertinere,
682 3410 809 3483 adeoque
830 3429 884 3467 nec
905 3408 990 3467 etiam
1013 3409 1050 3467 ad
1071 3410 1164 3468 beati·

91 3488 224 3548 tudinem
252 3494 281 3547 et
302 3489 440 3548 virtutem
462 3489 568 3564 aliquid
589 3491 698 3560 facere3
720 3491 770 3548 sed
792 3509 841 3547 eas
863 3490 952 3547 solam
974 3490 1165 3549 Hebraeorum

92 3570 273 3641 electionem,
305 3571 360 3628 hoc
392 3575 437 3628 est
467 3572 530 3645 (per
563 3590 606 3631 ea.
641 3590 704 3645 quae
725 3570 756 3627 in
776 3569 863 3628 tertio
884 3570 954 3644 Cap.
977 3571 1165 3646 ostendimus)

92 3650 185 3708 solam
210 3650 339 3726 corporis
359 3655 575 3726 temporaneam
596 3650 764 3708 felicitatem
785 3655 815 3708 et
835 3649 949 3726 imperii
969 3651 1164 3726 tranquillita-

92 3747 163 3801 tem,
185 3730 338 3806 respicere,
360 3736 572 3807 proptereaque
593 3730 709 3788 nonnisi
730 3735 827 3788 stante
842 3750 940 3788 eorum
950 3729 1070 3805 imperio
1081 3731 1167 3789 ullius

92 3830 164 3868 usus
185 3829 248 3869 esse
268 3810 405 3887 potuisse.
428 3811 458 3869 Si
479 3831 519 3870 ece
540 3811 630 3887 igitur
651 3811 680 3869 in
702 3812 808 3868 Vetere
823 3812 1008 3868 Testamenta
1025 3810 1062 3868 ad
1072 3811 1164 3884 legem
