2662 4298
411 339 727 379 rnuonoerco-rommcr
749 339 813 380 car.
835 340 896 379 xix.
1142 324 1196 382 161

129 532 182 571 eos
203 530 254 585 per
275 512 368 568 totum
389 509 487 566 orbem
508 507 667 582 dispersum
688 506 724 565 iri
745 506 826 580 vidit,
849 508 954 578 docuit,
967 513 1000 567 ut
1011 528 1109 567 ornnes
1121 512 1202 568 abso·

128 594 192 651 luta
218 590 327 666 pietate
348 589 491 658 colerent;
513 608 578 663 quae
601 587 697 646 omnia
717 587 930 646 evidentissime
951 590 1115 658 ostendunt,
1137 590 1200 648 reli·

130 672 248 748 gionem
269 669 433 745 reipublicae
455 667 575 727 utilitati
596 668 838 726 accommodatam
860 666 972 744 semper
985 671 1082 728 fuisse.
1095 669 1201 746 Siquis

130 757 230 811 autem
250 751 310 826 jam
332 753 453 825 quaerat,
476 768 532 824 quo
554 768 624 822 ergo
642 748 707 823 jure
729 747 835 805 Christi
850 748 989 824 discipuli,
1002 749 1051 825 qui
1062 749 1117 808 viri
1128 750 1200 809 scili·

129 836 180 891 eet
211 829 328 907 privati,
359 828 526 903 religionem
558 828 717 904 praedicare
737 833 894 902 poterant?
915 830 1029 887 eosdem
1050 829 1079 887 id
1101 830 1201 889 secisse

129 913 196 970 dico
225 912 290 987 jure
310 909 473 985 potestatis,
496 928 580 984 quam
603 928 621 966 a
641 907 756 966 Christo
777 914 958 984 acceperant,
981 911 1121 968 adversus
1141 911 1201 986 Spi-

127 993 207 1051 ritus
238 990 365 1066 impuros
397 988 474 1063 (vide
505 989 610 1048 Matth.
634 1008 696 1063 cap.
720 988 766 1046 10.
789 1009 864 1048 vers,
888 990 937 1062 1.).
960 990 1054 1065 Supra
1075 991 1201 1049 enimin

127 1074 189 1130 fine
211 1071 279 1147 Cap.
304 1072 349 1128 16.
372 1089 509 1145 expresse
529 1068 636 1139 monui,
658 1087 757 1127 omnes
777 1070 861 1127 fidem
883 1070 1020 1145 Tyranno
1039 1070 1126 1128 etiam
1140 1091 1201 1129 ser-

128 1171 203 1211 vare
235 1150 337 1221 teneri,
370 1154 490 1224 excepto
519 1169 561 1221 eo,
590 1149 636 1207 cui
657 1150 735 1207 Deus
756 1153 835 1207 certa
856 1150 1033 1208 revelatione
1054 1150 1201 1225 singulare

129 1236 234 1292 contra
255 1232 423 1306 Tyrannum
444 1229 583 1288 auxilium
603 1228 782 1305 promis-erin
804 1249 892 1305 quare
911 1230 1018 1288 nemini
1032 1230 1098 1288 iude
1110 1250 1201 1288 exem-

127 1313 212 1390 plum
244 1330 357 1369 sumere
387 1309 463 1381 licet,
496 1309 551 1368 nisi
582 1310 668 1368 etiam
690 1314 863 1384 potestatem
885 1311 991 1368 habeat
1011 1311 1048 1368 ad
1069 1310 1201 1369 facienda

127 1392 284 1461 miracula;
317 1391 392 1467 quod
424 1391 492 1448 hinc
520 1389 607 1447 etiam
628 1389 812 1465 conspicuum
833 1390 875 1461 fit,
897 1391 972 1464 quod
994 1390 1125 1449 Christus
1147 1390 1201 1448 dis-

128 1471 234 1548 cipulis
255 1471 341 1530 etiam
364 1470 478 1542 dixerit,
490 1490 527 1528 ne
538 1474 701 1528 metuerent
712 1490 770 1541 ece,
782 1469 831 1545 qui
842 1469 976 1529 occidunt
988 1491 1108 1546 corpora
1124 1470 1201 1541 (vide

129 1553 240 1612 Matth.
264 1572 326 1627 cap.
350 1553 396 1610 10.
419 1570 494 1609 vers.
517 1550 587 1623 28.).
611 1550 693 1620 Quod
704 1550 729 1608 si
739 1552 794 1608 hoc
805 1549 957 1627 unicuique
969 1551 1076 1610 dictum
1087 1551 1200 1620 fuisset,

129 1635 242 1692 frustra
262 1631 413 1707 imperium
435 1634 620 1701 statueretur,
644 1635 673 1688 et
693 1629 763 1689 illud
785 1630 944 1689 Salomonis
966 1633 1064 1704 (Prov.
1076 1652 1138 1707 cap.
1151 1632 1199 1691 24.

133 1733 208 1773 vers
231 1712 301 1785 21),
322 1714 367 1786 fili
385 1714 434 1783 mi,
458 1714 523 1769 time
534 1713 627 1769 Deum
639 1718 664 1769 et
675 1730 775 1786 repom,
786 1711 873 1786 impie
884 1711 991 1770 dictum
1002 1712 1113 1783 fuisset,
1125 1713 1200 1787 quod

129 1795 221 1867 longe
253 1811 271 1850 a
302 1811 371 1850 vero
393 1794 489 1862 abest;
513 1795 599 1865 atque
620 1791 691 1849 adeo
713 1791 874 1850 necessario
895 1792 1053 1863 fatendum,
1076 1791 1201 1850 autho1i·

131 1878 227 1932 tatem
257 1872 344 1943 illam,
377 1891 464 1947 quam
484 1870 616 1930 Christus
637 1870 782 1948 discipulis
804 1871 890 1940 dedit,
912 1871 947 1930 iis
968 1876 1081 1931 tantum
1102 1872 1202 1947 singu-

130 1953 234 2013 lariter
263 1953 360 2011 datam
382 1951 478 2022 fuisse,
500 1970 553 2010 nec
573 1950 640 2010 inde
661 1952 823 2027 exemplum
845 1950 909 2010 aliis
930 1952 1004 2011 sumi
1026 1972 1120 2027 posse.
1143 1951 1201 2011 Cae·

132 2040 230 2093 terum
262 2031 493 2091 adversariorum
523 2031 660 2103 rationes,
682 2031 785 2107 quibus
802 2032 851 2107 jus
871 2051 984 2090 sacrum
1005 2052 1023 2090 a
1041 2033 1106 2107 jure
1127 2032 1204 2090 civili

134 2133 274 2189 separare
295 2113 405 2184 volunt,
428 2116 457 2170 et
477 2112 532 2170 hoe
552 2116 666 2170 tantum
686 2131 776 2188 penes
796 2131 922 2169 summas
942 2117 1111 2187 potestates
1133 2113 1202 2171 illud

133 2200 232 2254 autern
255 2213 344 2269 penes
365 2192 529 2250 universam
551 2191 700 2250 ecclesiam
721 2211 783 2250 esse
805 2193 991 2263 contendunt,
1009 2192 1081 2249 nihil
1090 2212 1201 2263 morcr;

132 2275 207 2333 adeo
228 2292 352 2349 namque
372 2272 484 2331 frivolae
506 2276 583 2344 sunt,
605 2276 638 2330 ut
657 2291 712 2330 nec
721 2271 843 2330 refutari
852 2277 1026 2332 mereantur.
1040 2273 1103 2330 Hoc
1114 2293 1203 2330 unum

132 2353 249 2414 silentio
282 2353 432 2430 praeterire
463 2371 582 2428 nequeo,
611 2372 696 2428 quam
717 2351 820 2410 misere
840 2351 896 2428 ipsi
916 2352 1104 2428 decipiantur,
1127 2354 1202 2428 quod

133 2436 171 2494 ad
203 2435 280 2492 hanc
310 2433 475 2492 seditiosam
507 2432 669 2508 opinionem
700 2432 825 2507 (veniam
850 2435 939 2492 verbo
960 2433 1069 2492 duriori
1089 2434 1202 2509 precor)

135 2515 364 2574 confirmandam
395 2514 558 2589 exemplum
589 2517 705 2572 sumant
726 2533 744 2571 a
764 2533 873 2572 summo
894 2515 1085 2573 Hebraeorum
1106 2514 1203 2572 Ponti-

130 2597 196 2665 fice,
219 2614 309 2669 penes
331 2613 415 2670 quem
437 2593 502 2652 olim
523 2594 571 2669 jus
591 2613 674 2652 sacra
695 2593 915 2653 administrandi
936 2594 1006 2655 fuit:
1029 2594 1112 2672 quasi
1129 2596 1202 2654 Pon-

130 2676 226 2735 tifices
256 2674 326 2732 illud
352 2674 399 2750 jus
420 2693 438 2732 a
458 2675 539 2732 Mose
560 2693 618 2732 nou
640 2674 804 2750 acceperint
826 2674 895 2750 (qui,
917 2680 1058 2751 utsupra
1079 2676 1202 2734 ostendi·

130 2776 208 2826 mus,
231 2774 372 2812 summum
392 2755 470 2812 solus
490 2753 639 2830 imperium
661 2755 802 2827 retinuit),
824 2775 862 2814 ex
882 2756 965 2832 cujus
985 2756 1072 2815 etiam
1087 2756 1202 2815 decreto

130 2836 233 2895 eodem
255 2833 365 2911 privari
385 2839 536 2910 poterant3
558 2834 620 2910 ipse
640 2834 715 2892 enim
738 2855 796 2893 non
816 2840 930 2894 tantum
952 2837 1128 2907 Aharonem,
1151 2838 1200 2895 sed

129 2915 219 2975 etiam
252 2915 341 2973 filium
372 2914 435 2990 ejus
466 2915 636 2972 Eleazarum
667 2919 696 2972 et
728 2919 861 2990 nepotem
886 2915 1025 2974 Pineham
1054 2916 1151 2990 elegit,
1173 2922 1202 2975 et

131 2995 340 3055 authoritatem
363 2994 562 3070 pontificatum
577 2993 797 3052 administrandi
811 2994 898 3066 dedit,
917 3015 1003 3071 quam
1017 3001 1119 3071 postea
1129 2997 1202 3054 Pon-

130 3077 228 3134 tifices
248 3075 290 3153 ita
311 3075 502 3147 retinuerunt,
524 3079 557 3133 ut
578 3073 762 3133 nihilominus
772 3074 871 3146 Mosis,
882 3074 911 3132 id
923 3079 968 3133 est
978 3095 1097 3134 summae
1109 3081 1201 3150 potes·

130 3156 211 3228 tatis,
249 3155 399 3214 subst'tuti
428 3155 605 3213 viderentur.
637 3154 720 3224 Nam,
753 3160 785 3212 ut
813 3155 873 3230 jam
898 3155 1084 3226 ostendimus,
1105 3157 1202 3213 Moses

132 3237 245 3295 nullum
277 3235 389 3312 imperii
421 3255 613 3294 successorem
645 3234 741 3308 elegit,
773 3236 823 3292 sed
848 3235 910 3310 ejus
931 3234 1027 3293 omnia
1048 3234 1141 3293 officia
1161 3235 1203 3293 ita

131 3315 291 3387 distribuit,
323 3320 357 3374 ut
386 3315 495 3392 posteri
529 3315 591 3391 ejus
623 3314 722 3373 vicarii
749 3314 805 3373 visi
832 3313 948 3386 fuerint,
971 3315 1021 3390 qui
1041 3314 1200 3390 imperium,

133 3395 217 3473 quasi
238 3415 291 3454 rex
313 3399 417 3455 absens
438 3400 523 3465 esset,
545 3415 604 3454 non
617 3399 757 3466 mortuus,
770 3394 1019 3454 administrabant.
1031 3395 1203 3454 Insecundo

133 3477 238 3535 deinde
258 3476 377 3552 imperio
400 3478 454 3534 hoc
473 3477 520 3552 jus
542 3476 672 3534 absolute
693 3479 850 3534 tenuerunt
870 3474 1035 3546 Pontifices,
1050 3480 1204 3551 postquam

133 3577 198 3616 cum
232 3557 402 3631 pontificatu
431 3557 478 3632 jus
509 3556 688 3632 principatus
716 3556 802 3614 etiam
824 3554 921 3631 adepti
942 3559 1019 3613 sunt.
1042 3556 1137 3626 Quare
1156 3556 1203 3630 jus

132 3636 320 3713 pontificatus
355 3657 392 3695 ex
420 3637 513 3695 edicto
535 3656 653 3695 summae
675 3635 829 3712 potestatis
850 3655 962 3711 semper
983 3636 1127 3712 dependit,
1150 3657 1203 3694 nec

133 3717 292 3775 Pontifices
322 3717 351 3774 id
382 3737 509 3792 unquam
540 3716 595 3774 nisi
616 3737 680 3775 cum
701 3716 866 3792 principatu
887 3720 1052 3775 tenuerunt.
1074 3717 1136 3774 Imo
1156 3718 1203 3792 jus

134 3797 211 3855 circa
243 3818 326 3856 sacra
357 3817 446 3873 penes
472 3799 568 3872 Reges
588 3797 718 3855 absolute
738 3796 794 3855 fuit
814 3798 859 3869 (ut
879 3816 917 3854 cx
936 3816 1005 3855 mox
1026 3796 1154 3856 dicendis
1173 3796 1204 3854 in

175 3896 214 3953 ll.
1044 3897 1079 3954 11
