2662 4298
402 353 718 394 rfluouoemoroulru‘l
739 352 803 390 CAP.
825 352 866 391 Vl.
1129 337 1165 394 25

101 519 279 590 extendant3
311 518 383 578 alias
414 519 490 578 enim
521 519 590 596 quid
618 520 694 578 aliud
716 518 862 592 statuitur,
886 536 972 595 quem
993 521 1068 595 quod
1089 521 1168 580 Deus

101 600 244 659 Naturam
276 599 348 658 adeo
377 600 564 676 impotentem
592 599 742 669 creaverit,
765 600 882 674 ejusque
902 599 982 674 leges
1002 605 1032 658 et
1052 601 1168 675 regulas

102 681 176 739 adeo
208 679 321 739 steriles
346 680 490 749 statuerit,
511 683 545 739 ut
564 699 642 757 saepe
663 680 698 738 de
718 699 794 737 novo
815 680 841 737 si
862 678 1016 738 subvenire
1037 686 1166 756 cogatur,

101 760 128 818 si
159 779 223 818 eam
254 765 455 819 conservatam
486 761 558 832 vult,
580 765 610 818 et
630 763 663 819 ut
683 779 730 817 res
751 779 788 818 ex
809 767 878 817 voto
899 760 1069 831 succedant3
1091 763 1167 836 quod

102 859 175 899 sane
195 860 214 899 a
233 839 358 899 Ratione
378 839 581 899 alienissimum
603 859 665 898 esse
686 839 828 898 existimo.
850 841 896 898 Ex
910 839 955 898 his
967 839 1074 916 itaque,
1090 843 1165 917 quod

100 919 132 978 in
162 920 276 981 Natura
303 920 375 998 nihil
395 920 547 996 contingit,
569 920 644 996 quod
665 940 702 978 ex
723 920 785 995 ejus
805 919 918 994 legibus
938 939 997 978 non
1018 921 1166 996 sequitur;

101 1007 132 1059 et
153 1001 230 1078 quod
251 1001 314 1076 ejus
333 1001 413 1076 leges
433 1001 470 1059 ad
491 1000 595 1070 omnia,
617 1020 681 1076 queo
702 1004 732 1058 et
752 1001 789 1058 ab
809 999 872 1075 ipso
893 999 999 1058 Divino
1019 1000 1167 1060 intellectu

100 1080 312 1156 concipiuntur,
344 1101 375 1139 se
405 1081 582 1151 extendunt3
615 1086 645 1139 et
675 1079 750 1156 quod
781 1080 903 1154 denique
934 1079 1045 1138 Natura
1076 1082 1166 1140 fixum

99 1165 188 1237 atque
208 1158 414 1220 immotabilem
435 1161 563 1219 ordinem
585 1165 699 1231 servat3
721 1159 878 1219 clarissime
899 1160 1037 1235 sequitur,
1059 1182 1163 1220 nomen

98 1240 232 1300 miraculi
263 1261 321 1300 non
352 1241 407 1298 nisi
437 1240 598 1316 respective
626 1240 662 1298 ad
683 1240 829 1299 hominum
851 1240 1000 1316 opiniones
1020 1261 1104 1317 posse
1124 1242 1165 1300 in·

99 1320 201 1396 telligi,
233 1326 264 1380 et
293 1321 365 1379 nihil
395 1321 472 1379 aliud
503 1320 676 1396 significare,
708 1340 792 1396 quam
824 1341 905 1396 opus,
937 1321 1020 1396 eujus
1049 1341 1175 1380 causam.

98 1401 262 1460 naturalem
292 1401 424 1475 exemplo
444 1401 563 1460 alterius
583 1400 626 1459 rei
646 1401 739 1460 solitae
759 1400 904 1476 explicare
924 1421 983 1459 non
1003 1420 1163 1477 possumus,

99 1482 147 1540 vel
178 1482 281 1540 saltem
311 1481 374 1558 ipse
399 1500 456 1539 non
478 1486 582 1556 potest,
604 1480 654 1557 qui
674 1482 843 1540 miraculum
864 1480 964 1540 scribit
983 1486 1034 1540 aut
1054 1487 1163 1541 narrat.
1256 1556 1259 1563 Ι

99 1563 217 1620 Possem
253 1560 366 1637 quidem
398 1560 501 1632 dicere,
531 1561 699 1620 miraculum
731 1582 793 1621 esse
822 1561 862 1634 id,
894 1562 977 1637 cujus
1008 1582 1095 1621 causa
1126 1583 1164 1622 ex

98 1640 248 1718 principiis
278 1661 374 1700 rerum
404 1641 579 1700 naturalium
611 1641 732 1701 Lumine
762 1642 895 1700 Naturali
922 1642 998 1699 notis
1027 1643 1165 1718 explicari

98 1721 215 1798 nequit;
237 1740 347 1792 verum,
370 1721 505 1798 quoniam
525 1721 663 1781 miracula
678 1724 715 1781 ad
729 1727 846 1798 captum
856 1721 936 1796 vulgi
948 1722 1027 1780 facta
1037 1725 1162 1792 fuerunt,

98 1803 174 1877 quod
216 1801 330 1877 quidem
366 1801 508 1878 principia
542 1821 638 1861 rerum
672 1802 847 1861 naturalium
881 1802 967 1878 plane
1000 1802 1162 1877 ignorabat,

97 1886 209 1940 certum
240 1885 293 1952 cst,
321 1882 455 1957 antiquos
474 1882 503 1940 id
524 1903 577 1959 pro
597 1882 735 1941 miraculo
755 1882 899 1951 habuisse,
921 1882 997 1956 quod
1017 1883 1162 1958 explicare

97 1981 155 2021 uon
187 1966 323 2038 poteraut
354 1982 387 2020 co
418 1963 512 2032 modo,
544 1982 601 2039 quo
632 1963 737 2038 vulgus
768 1982 815 2021 res
842 1964 991 2021 naturales
1017 1963 1163 2038 explicare

97 2043 180 2113 solet,
211 2043 385 2101 recurrendo
416 2042 526 2101 seilicet
544 2044 582 2100 ad
602 2043 776 2113 memoriam,
798 2048 831 2102 ut
851 2042 970 2101 alterius
990 2043 1032 2101 rei
1052 2043 1160 2112 similis,

98 2142 186 2198 quam
217 2121 280 2180 sine
307 2121 496 2181 admiratione
522 2122 675 2197 imaginari
696 2124 777 2192 solet,
799 2124 981 2194 recordatum
1003 2128 1064 2180 tuin
1086 2123 1161 2181 enim

97 2203 204 2278 vulgus
234 2222 295 2261 rem
326 2202 451 2278 aliquam
482 2223 513 2261 se
534 2203 605 2261 satis
624 2203 786 2277 intelligere
807 2203 963 2272 existimat,
985 2222 1048 2261 curn
1069 2203 1160 2278 ipsam

97 2301 155 2341 non
186 2282 354 2342 admiratur.
387 2283 507 2358 Antiqui
537 2283 644 2359 itaque,
677 2289 706 2341 et
737 2302 835 2340 omncs
865 2282 974 2341 fcrein
996 2284 1161 2357 hocusque

97 2367 220 2438 tempus,
259 2364 366 2422 nullam
404 2368 510 2439 practer
545 2365 621 2422 hanc
655 2382 784 2421 normam
816 2362 945 2420 miraculi
977 2363 1159 2433 habuerunt,

97 2462 186 2518 quare
217 2463 276 2502 non
306 2444 506 2514 dubitandum,
538 2444 607 2518 quin
634 2444 663 2501 in
692 2442 781 2502 sacris
801 2442 892 2501 literis
913 2443 1003 2500 multa
1024 2448 1160 2518 tanquam

95 2522 235 2582 miracula
266 2528 430 2594 narrentur,
462 2544 583 2599 quorum
613 2544 706 2583 causae
737 2543 775 2581 ex
794 2522 942 2599 principiis
963 2543 1058 2581 rerum
1079 2530 1160 2583 natu-

95 2603 200 2662 ralium
231 2603 308 2662 notis
337 2604 421 2662 facile
451 2609 573 2680 possunt
603 2604 750 2679 explicari,
777 2610 810 2662 ut
828 2605 888 2680 jam
909 2624 997 2679 supra
1016 2604 1161 2664 innuimus

95 2683 127 2741 in
157 2683 227 2759 (lep.
261 2685 298 2754 2.,
330 2705 394 2743 curn
427 2685 461 2742 da
489 2704 531 2753 eo,
559 2684 634 2759 quod
656 2685 698 2742 sol
719 2684 834 2742 steterit
853 2688 983 2759 ternpore
1003 2686 1110 2756 losuae,
1132 2690 1161 2744 et

96 2765 174 2840 quod
205 2765 425 2839 retrogradatus
454 2765 542 2822 fuerit
562 2770 691 2840 tempore
711 2766 820 2833 Achez,
841 2764 952 2840 loquuti
972 2785 1091 2835 sumus;
1112 2768 1162 2825 sed

96 2844 133 2902 de
159 2843 206 2902 his
231 2864 300 2902 mox
320 2844 461 2920 prolixius
481 2864 609 2919 agemus,
631 2865 734 2920 nempe
754 2845 831 2903 circa
851 2845 1052 2904 miraculorum
1075 2845 1161 2905 inter·

95 2923 298 2999 pretationem,
321 2925 356 2983 de
377 2945 435 3000 qua
455 2925 484 2983 in
506 2926 560 2983 hoc
581 2925 682 3000 Capite
703 2945 789 3001 agere
810 2925 936 3000 promisi.

136 3002 192 3062 Hic
220 3004 279 3080 jam
311 3009 424 3080 tempus
455 3010 508 3075 cst,
540 3010 573 3063 ut
599 3007 636 3063 ad
655 3008 810 3064 sectandum
831 3009 986 3077 transeam,
1008 3025 1109 3081 nempe
1130 3011 1163 3064 ut

94 3085 256 3155 ostendam,
278 3105 331 3143 nos
351 3105 386 3144 ex
407 3085 551 3144 miraculis
572 3105 625 3143 nec
646 3086 698 3144 Dei
720 3084 883 3156 essentiam,
905 3106 958 3144 nec
969 3086 1161 3154 existentiam,

96 3183 151 3222 uec
171 3164 382 3239 providentiam
403 3185 487 3240 posse
507 3165 677 3240 intelligere,
699 3166 749 3224 scd
771 3171 873 3224 eontra
888 3167 948 3225 haee
962 3167 1048 3241 longe
1062 3165 1163 3224 melius

95 3243 207 3320 percipi
244 3253 293 3303 ex'
313 3246 372 3303 fixo
402 3251 489 3320 atque
519 3245 689 3304 immutabili
720 3246 839 3304 Naturae
870 3247 987 3317 ordine;
1020 3247 1055 3303 ad
1087 3246 1162 3320 quod

96 3325 351 3384 demonstrandum
374 3325 415 3383 sic
434 3326 566 3400 procedo.
588 3325 658 3384 Cum
680 3325 734 3383 Dei
754 3325 907 3384 existentia
929 3346 986 3383 non
1007 3326 1045 3382 sit
1065 3345 1117 3400 per
1131 3344 1162 3383 se

96 3408 203 3476 nota*,
225 3406 310 3464 debet
330 3406 491 3464 necessario
513 3406 644 3464 concludi
665 3426 703 3464 ex
723 3405 898 3472 notionibus
920 3425 1041 3481 quarum
1053 3404 1162 3463 veritae

96 3484 170 3543 adeo
191 3487 273 3544 firma
294 3491 324 3544 ct
343 3486 513 3545 inconcussa
534 3486 580 3555 sit,
604 3486 735 3544 utnulla
756 3485 819 3543 dari
839 3505 932 3560 neque
946 3484 1057 3561 concipi
1071 3485 1163 3560 possit

96 3565 237 3641 potentia,
260 3586 277 3624 a
298 3586 353 3641 qua
375 3566 486 3641 possint
506 3566 660 3624 immutari.
683 3565 772 3624 Nobis
792 3566 894 3624 saltem
916 3566 952 3623 ab
973 3585 1006 3623 eo
1024 3572 1161 3641 tempore,

96 3664 155 3720 quo
186 3665 221 3704 ex
251 3645 286 3704 iis
314 3646 367 3704 Dei
393 3646 573 3704 existent-iam
595 3646 799 3715 concludimus,
821 3645 862 3703 ita
885 3665 1025 3721 apparere
1047 3647 1161 3718 debent,

127 3822 139 3849 '¹
155 3824 193 3870 cf.
210 3825 302 3870 Annot.
318 3823 360 3870 Vl.
