2662 4298
564 333 702 373 nrrsronn
731 334 762 372 n.
1140 312 1197 370 199

127 506 282 564 secundum
305 502 473 578 Cartesiurn,
487 501 622 578 ipsissimi
633 520 745 560 errores
756 499 815 559 sint
825 499 1016 575 particulares
1027 497 1195 570 volitiones;

126 587 193 644 inde
214 584 376 644 necessario
398 584 538 658 sequitur,
561 601 683 652 errores,
704 581 733 639 id
755 585 800 639 est
820 579 1013 656 particulares
1034 577 1197 650 volitiones,

127 687 185 725 non
216 685 279 724 esse
309 665 425 734 liberas,
459 663 508 721 sed
541 661 727 721 determinari
754 660 887 719 aoausis
907 659 1047 730 externis
1069 663 1098 717 et
1119 658 1199 717 nullo

127 747 211 804 modo
233 766 250 802 a
271 745 438 813 voluntate3
461 744 536 818 quod
558 743 756 800 demonstrare
776 740 904 816 promisi.
925 742 988 800 uto.

499 1028 738 1086 Er1sroun
773 1027 829 1084 III.

533 1163 700 1220 mariamnae
727 1163 797 1219 Viro

598 1295 630 1352 B.
652 1314 680 1352 n.
704 1294 734 1352 S.

396 1428 591 1487 HllethUS
619 1425 930 1486 OLDENBURCIUS.

436 1562 591 1636 Responsio
614 1563 653 1618 nd
672 1563 885 1636 precedentem.

255 1723 308 1779 Vn·
330 1723 614 1780 Praestantissimo&
638 1722 824 1791 Antiensime,

169 1855 300 1913 Reddita
332 1855 403 1912 mihi
434 1859 502 1913 sunt
532 1855 678 1930 perdoctae
711 1859 770 1914 tuae
801 1855 903 1927 literae,
937 1861 969 1925 et
996 1875 1103 1931 magna
1134 1876 1197 1914 cum

128 1935 279 2009 voluptate
310 1935 452 2009 perlectae.
485 1935 697 1994 Geometricum
719 1940 801 1994 tuum
822 1935 964 2011 probandi
984 1955 1092 1994 morem
1114 1936 1200 1994 valde

128 2018 235 2089 probo;
268 2015 317 2073 sed
349 2034 441 2073 meam
474 2014 558 2073 simul
589 2016 792 2074 hebetudinem
813 2015 922 2087 incuso,
945 2016 1029 2091 quod,
1051 2037 1117 2092 quae
1138 2021 1199 2074 tam

128 2100 263 2153 accurate
285 2095 378 2165 doces,
401 2115 455 2170 ego
476 2095 554 2154 haud
575 2095 617 2153 ita
637 2099 769 2171 prompte
791 2115 936 2171 assequar.
959 2095 1085 2154 Paliuris
1098 2096 1200 2171 igitur,

128 2195 187 2249 0r0,
223 2180 256 2233 ut
290 2176 462 2234 documenta
491 2175 576 2233 istius
606 2196 676 2235 meae
708 2175 854 2234 tarditatis
885 2175 938 2233 tibi
968 2176 1097 2250 prodam,
1131 2177 1198 2234 dum

128 2261 281 2330 sequentes
303 2255 485 2325 Quaestiones
506 2275 616 2325 moveo,
639 2275 794 2330 earumque
815 2255 972 2314 solutiones
994 2276 1011 2313 a
1031 2261 1061 2314 te
1081 2261 1158 2331 peto.

168 2336 265 2393 Prima
297 2341 352 2412 est,
384 2356 421 2394 an
454 2337 578 2394 clareat
603 2335 802 2394 indubitanter
829 2335 985 2410 intelligas
1007 2355 1044 2394 ex
1065 2337 1127 2394 sola
1147 2335 1197 2394 illa

129 2416 303 2487 definitione,
326 2435 411 2491 quam
432 2417 468 2473 de
488 2417 549 2474 Deo
571 2416 671 2486 tradis,
694 2415 893 2487 demonstrari,
908 2416 968 2474 tale
982 2416 1203 2474 Ensexistere?

128 2497 190 2570 Ego
212 2513 290 2566 sane,
313 2516 377 2554 eum
398 2516 508 2554 mecum
530 2497 685 2572 perpendo,
708 2496 889 2555 definitiones
904 2516 961 2554 non
975 2495 1203 2572 nisiconceptus

129 2576 236 2634 Mentis
267 2580 376 2634 nostrae
408 2576 573 2647 continere;
604 2579 731 2635 Mentem
753 2582 850 2635 autem
871 2582 999 2650 nostram
1020 2578 1112 2635 multa
1133 2596 1200 2635 con-

130 2656 234 2731 cipere,
266 2676 329 2732 quae
361 2676 418 2714 non
452 2657 590 2726 existunt,
623 2662 653 2715 et
683 2657 926 2716 foecundissimam
958 2677 1020 2716 esse
1051 2657 1081 2714 in
1102 2677 1198 2716 rerum

130 2737 216 2794 semel
249 2741 453 2812 conceptarum
485 2737 723 2812 multiplicatione
751 2743 781 2796 et
801 2737 1054 2813 augmentatione;
1076 2738 1197 2796 necdum

129 2816 223 2886 video,
256 2817 398 2892 quomodo
430 2837 467 2875 ex
493 2836 527 2875 eo
549 2822 698 2893 conceptu,
721 2837 805 2894 quem
828 2819 863 2876 de
884 2820 946 2876 Deo
967 2818 1070 2887 habeo,
1091 2818 1200 2877 inferre

129 2897 235 2971 possim
269 2897 320 2955 Dei
352 2897 546 2956 existentiam.
578 2898 700 2956 Possum
731 2898 837 2974 quippe
865 2918 902 2956 ex
922 2897 1042 2956 mentali
1063 2897 1199 2973 congerie

130 2977 253 3034 omnium
285 2977 503 3053 perfectionum,
534 2997 606 3053 quas
634 2977 664 3036 in
685 2978 856 3051 hominibus
878 2977 1059 3048 animalibus
1081 2982 1198 3053 vegeta·

130 3056 242 3128 bilibus,
278 3057 473 3129 mineralibus,
509 3062 563 3116 ete.
600 3058 791 3133 deprehendo,
828 3059 978 3134 concipere
1013 3062 1043 3116 et
1072 3059 1198 3116 formare

130 3136 321 3195 substantiam
353 3138 478 3213 aliquam
510 3157 607 3208 unam,
639 3158 704 3214 quae
736 3157 835 3196 omnes
865 3138 930 3196 illas
957 3137 1081 3196 virtutes
1108 3138 1197 3196 solide

130 3217 290 3291 possideat3
318 3217 465 3293 quinimo
487 3219 571 3276 Mens
591 3238 655 3277 mea
676 3218 755 3276 valet
775 3218 889 3277 easdem
910 3217 940 3276 in
961 3217 1106 3275 infinitum
1126 3218 1196 3276 mul-

130 3297 260 3373 tiplicare
291 3302 323 3356 et
353 3317 469 3373 augere,
502 3298 630 3372 adeoque
660 3299 720 3357 Ens
742 3298 886 3374 quoddam
907 3296 1147 3373 perfectissimum
1169 3302 1198 3356 et

129 3377 400 3437 excellentissimum
433 3379 509 3454 apud
541 3398 604 3437 sese
635 3378 780 3453 effigiare;
813 3398 877 3436 cum
908 3384 1006 3436 tamen
1033 3377 1198 3438 nullatenus

130 3458 196 3516 inde
218 3459 349 3517 concludi
370 3459 462 3534 possit
483 3459 646 3534 hujusmodi
666 3458 751 3517 Entis
771 3457 935 3518 existentia.

171 3539 302 3597 Secunda
334 3539 460 3609 Quaestio
492 3543 556 3610 est,
578 3559 616 3599 an
643 3538 696 3598 tibi
724 3539 762 3597 sit
781 3538 986 3608 indubitatum,
1008 3536 1119 3614 Corpus
1140 3558 1198 3597 non

130 3618 278 3677 terminari
311 3619 502 3694 Cogitatione,
535 3639 588 3677 nec
616 3618 828 3694 Cogitationem
850 3618 997 3695 Corpore?
1018 3638 1082 3676 cum
1103 3619 1198 3678 adhue

131 3701 183 3756 sub
201 3699 298 3774 judice
318 3699 354 3757 lis
376 3699 422 3770 sit,
445 3699 513 3775 quid
535 3699 573 3758 sit
594 3699 747 3775 Cogitatio,
770 3699 845 3757 sitne
865 3703 961 3758 motus
981 3718 1144 3774 corporeus
1160 3719 1197 3757 an

132 3783 214 3836 actus
235 3779 349 3854 quidam
372 3779 539 3855 spiritualis,
561 3799 699 3856 corporeo
720 3780 805 3856 plane
827 3777 1103 3856 contradistinctns?
