2662 4298
127 335 185 392 392
543 353 681 393 nrrsrom
700 353 781 393 cxiv.

134 520 247 579 facilius
267 520 468 591 demonstrari,
490 522 656 580 deducendo
676 541 737 580 rem
757 522 796 579 ad
809 523 1011 595 absurdum
1028 524 1202 599 quodquidam

134 601 351 659 demonstrandi
372 621 473 676 genus,
495 603 609 676 quando
630 601 793 677 Propositio
815 602 977 677 negativa
1001 609 1058 674 est,
1070 625 1128 680 prae
1137 605 1203 663 altero

133 680 240 756 eligere
271 682 357 751 soleo,
391 681 458 757 quia
490 702 555 740 oum
575 687 681 741 natura
701 681 840 740 similium
868 683 981 758 magis
1003 684 1148 744 convenit.
1165 685 1203 743 Sel

134 761 203 836 quia
232 761 388 836 positivum
419 763 618 820 tantummodo
649 762 732 838 petis,
764 762 802 820 ad
835 763 977 822 alterum
1001 768 1131 835 transeo,
1149 766 1204 841 quel

134 846 187 911 est,
219 861 257 900 an
288 841 318 899 id
348 842 440 917 possit
472 845 509 901 ab
530 843 586 901 alio
607 842 733 918 produci,
755 842 786 900 in
808 863 870 918 quo
894 847 966 902 tam
990 845 1122 904 essentia
1140 865 1205 922 quan

85 950 88 957 Δ
135 921 291 980 existentia
321 922 484 998 discrepat:
516 942 583 980 nam
615 943 679 998 quae
706 925 743 981 ab
763 922 897 981 invicem
921 924 971 982 ita
995 925 1137 984 differunt
1153 926 1205 984 nilril

132 1021 282 1061 commune
314 1003 421 1060 habere
450 1002 593 1061 videntur.
625 1003 681 1061 Sed
701 1023 766 1060 cum
786 1003 891 1061 omnia
915 1004 1104 1080 singularia,
1124 1011 1206 1082 prater

133 1081 190 1152 illa,
227 1102 292 1158 quse
313 1101 330 1140 a
351 1082 411 1140 suis
431 1083 571 1142 similibus
591 1084 797 1159 producuntur,
820 1083 976 1144 differant
998 1106 1019 1144 a
1041 1086 1105 1144 suis
1125 1087 1205 1155 causis,

132 1166 191 1219 tam
223 1162 350 1220 essentia
381 1183 468 1239 quam
499 1163 661 1232 existentia,
689 1163 796 1221 nullam
818 1163 870 1222 hic
891 1165 1066 1225 dubitandi
1087 1167 1206 1226 rationem

132 1241 225 1300 video.

172 1323 235 1392 Quo
265 1328 361 1381 autem
389 1343 444 1397 ego
474 1343 560 1382 sensu
580 1323 748 1398 intelligam,
770 1324 851 1398 quod
872 1325 964 1384 Deus
989 1326 1033 1384 sit
1055 1347 1145 1386 caiisa
1162 1328 1206 1386 effi-

129 1402 208 1461 ciens
238 1424 343 1473 rerum,
375 1408 434 1461 tam
466 1403 598 1462 essentiae
629 1423 714 1478 quam
745 1402 925 1476 existentiae,
964 1407 1060 1466 credo
1089 1427 1135 1465 me
1154 1407 1208 1467 satis

129 1483 300 1558 explicuisse
319 1483 350 1541 in
371 1484 464 1542 Schol.
487 1490 517 1542 et
538 1484 641 1543 Coroll.
662 1484 748 1559 Prop.
771 1485 818 1541 25.
841 1504 872 1559 p.
898 1486 928 1544 1.
955 1486 1062 1545 Ethic.

170 1563 295 1622 Axioma
325 1564 430 1622 Scholii
462 1565 547 1639 Prop.
581 1565 627 1623 10.
659 1584 687 1640 p.
721 1567 757 1632 1.,
789 1568 822 1621 ut
850 1563 884 1622 in
905 1565 975 1624 fine
997 1568 1098 1642 ejusd.
1121 1568 1208 1626 Scholii

128 1642 219 1713 innui,
240 1644 397 1702 femiamus
418 1664 456 1702 ex
475 1644 548 1715 idea,
571 1663 656 1718 quarn
678 1645 825 1713 habemus,
837 1644 928 1703 Entis
945 1648 1095 1707 absolute
1108 1648 1207 1719 infinil',

129 1727 159 1781 et
190 1743 248 1781 non
278 1743 316 1781 ex
346 1743 389 1793 eo,
422 1726 498 1800 quod
520 1726 625 1782 dentur
645 1729 697 1782 aut
716 1723 829 1800 possint
850 1725 918 1782 dari
942 1727 1042 1799 entia,
1068 1749 1136 1804 quae
1156 1729 1207 1798 tn'r,

125 1808 258 1879 quatuor,
280 1809 335 1861 etc.
356 1804 498 1863 attributa
518 1806 653 1863 habeant.

166 1883 297 1959 Denique
328 1885 468 1960 exempla,
494 1905 558 1960 quae
579 1885 663 1960 petis,
685 1884 770 1960 primi
790 1884 918 1958 generis,
943 1892 1023 1945 sunt
1044 1888 1080 1946 in
1107 1890 1208 1965 cogita-
1251 1908 1253 1929 ²

125 1964 204 2022 tione
234 1965 398 2023 intellectus
422 1966 552 2023 absolute
572 1965 713 2035 infinitus,
734 1964 763 2022 in
784 1964 973 2025 Extensione
998 1973 1106 2028 autem
1127 1975 1208 2028 motus

125 2050 156 2103 et
187 2045 284 2120 quiee;
316 2045 433 2103 secundi
465 2050 571 2115 autem,
592 2045 681 2104 facies
701 2045 791 2103 totius
811 2044 966 2115 Universi‚
992 2067 1064 2122 quae
1087 2050 1207 2126 quamvis

126 2125 246 2184 infinitis
276 2126 368 2183 modis
398 2125 500 2196 variet,
532 2130 630 2183 manet
659 2131 757 2184 tamen
788 2144 903 2200 semper
935 2128 1068 2200 eadem;
1104 2132 1141 2190 de
1163 2151 1208 2206 quo

127 2205 193 2264 vide
215 2207 308 2265 Schol.
333 2208 358 2264 7.
381 2206 537 2263 Lemmatis
558 2211 626 2264 ante
647 2207 733 2281 Prop.
757 2207 802 2262 14.
824 2224 853 2279 p.
878 2207 906 2265 2.

166 2287 228 2357 His,
257 2287 311 2344 Vir
331 2287 578 2363 praestantissime,
601 2287 637 2344 ad
659 2292 724 2344 tuas
746 2284 894 2359 nostrique
917 2289 1012 2346 amici
1035 2293 1208 2366 objectiones

125 2368 307 2441 respondisse
338 2388 384 2425 me
416 2369 516 2425 credo:
549 2367 572 2424 si
603 2372 700 2424 tamen
732 2366 898 2441 scrupulum
932 2369 1039 2428 adhuc
1063 2392 1207 2431 remanere

124 2446 282 2517 existimas
304 2469 384 2522 rogo,
406 2454 439 2506 ut
460 2447 529 2505 mihi
551 2447 714 2521 significare
735 2466 793 2505 non
814 2447 957 2521 graveris,
985 2456 1021 2508 ut
1035 2454 1206 2521 eumetiam,

123 2526 149 2583 si
169 2528 284 2601 possim,
307 2530 436 2586 evellam.
459 2529 540 2596 Vale,
563 2534 617 2586 etc.

154 2660 231 2717 Hagen
249 2659 318 2706 Com.
335 2661 365 2704 29
382 2661 444 2705 Julii
467 2662 534 2705 1615.

397 2961 523 3018 EPIST
538 2981 615 3019 OLA
636 2963 715 3019 LXV
736 2965 812 3029 (cnm
827 2966 920 3033 nxvrr).

345 3076 522 3136 sicutissime
544 3098 577 3136 oc
600 3081 770 3136 Doctissimo
792 3079 964 3151 Plrilosoplco

592 3196 625 3251 B.
647 3215 675 3252 n.
698 3194 725 3253 S.

283 3310 477 3368 EHRENFR.
500 3311 654 3368 WALTH.
678 3311 727 3368 DE
748 3309 1036 3371 TSGHIRNHAUS.

251 3429 303 3484 Vir
328 3427 500 3497 Clarissimo,

166 3562 229 3619 Abs
256 3565 286 3619 ie
307 3567 374 3637 peto
396 3560 676 3619 Demonstrationem
698 3561 768 3634 ejus
791 3561 866 3635 quod
887 3558 973 3630 dicio,
997 3581 1106 3639 nempe
1129 3568 1205 3642 quod

126 3641 223 3700 anima
252 3662 310 3699 non
342 3642 434 3718 possit
464 3643 547 3717 plura
579 3640 720 3699 attributa
748 3640 810 3709 Dei,
832 3660 916 3716 quam
938 3641 1155 3704 Extensionem
1177 3653 1205 3705 et

126 3722 337 3797 Cogitationem
369 3723 524 3798 percipere.
557 3722 638 3791 Quod
671 3720 784 3796 quidem
812 3720 879 3779 licet
899 3720 1052 3780 evidenter
1073 3724 1202 3797 videam,

124 3803 301 3862 contrarium
333 3807 431 3862 tamen
461 3824 499 3862 ex
530 3802 624 3860 Schol.
656 3802 742 3876 Prop.
775 3803 801 3861 7.
823 3805 898 3876 part.
921 3802 948 3858 2.
970 3801 1092 3862 Ethices
1114 3826 1202 3882 posse
