2662 4298
131 322 190 379 324
524 337 663 378 nmsroua
683 338 799 377 mvn.

125 508 193 567 fixis
212 507 326 583 legibus
346 507 508 582 agentibus,
531 505 614 565 nobis
634 510 732 564 tamen
750 504 877 580 ignotis,
903 510 939 565 et
962 527 984 565 a
1004 513 1188 567 nostranatna

125 595 155 648 et
175 587 306 664 potentia
336 587 446 647 alienis,
479 587 560 657 Quod
586 587 623 645 ad
643 586 768 661 reliquas
787 586 1016 662 perceptiones
1038 587 1144 660 attinet,
1159 606 1189 645 ea

125 690 143 728 a
173 669 290 727 fortuna
321 687 408 744 quam
438 667 563 726 maxime
593 667 719 742 pendere
738 666 844 724 fateor.
881 667 932 725 Ex
957 667 1012 726 his
1033 668 1122 744 igitur
1138 667 1189 727 clau

125 753 254 824 apparet,
287 747 379 823 qualis
414 767 476 806 esse
498 748 602 806 debeat
622 766 693 806 vera
713 745 884 816 Methodus,
908 747 1003 806 etin
1027 769 1087 825 quo
1105 746 1189 826 petisi-

125 848 203 887 mum
225 828 365 887 consistat
385 847 489 903 nempe
509 827 539 886 in
554 827 616 886 sola
629 826 695 903 puri
707 826 878 884 intellectus
893 827 1089 903 cognitione,
1100 829 1190 906 ejusque

125 913 238 967 naturae
258 912 288 966 et
308 909 405 983 legum
419 911 444 978 *,
467 928 531 984 quae
551 912 585 966 ut
605 906 779 983 acquiratur,
802 925 932 966 necesse
952 912 1006 967 est
1030 914 1102 968 ante
1121 908 1189 969 omnia

127 987 304 1062 distinguere
326 988 403 1047 inter
422 987 602 1047 intellectum
623 994 653 1046 et
673 985 930 1061 imaginationem,
954 987 1026 1048 sive
1049 989 1193 1049 interram

124 1068 205 1126 ideas
225 1073 255 1126 et
275 1068 410 1144 reliquas,
432 1087 535 1143 nempe
555 1068 648 1139 fictas,
663 1067 760 1138 salsas,
773 1065 889 1137 dubias,
902 1071 937 1126 et
949 1070 1095 1129 absolute
1109 1088 1191 1133 omnes

126 1168 189 1224 quae
210 1169 228 1207 a
248 1148 309 1207 sola
329 1148 467 1207 memoria
487 1148 660 1224 dependent.
692 1147 739 1205 Ad
759 1147 823 1206 haec
844 1145 1100 1224 intelligendum,
1118 1151 1194 1210 salter

126 1230 219 1304 quoad
241 1230 396 1287 Methcdus
416 1228 515 1303 exigit,
538 1248 597 1286 non
617 1232 663 1286 ast
680 1246 760 1303 opus,
782 1231 926 1285 naturam
949 1230 1070 1290 mentis
1091 1250 1141 1307 per
1155 1229 1194 1306 pri·

126 1329 202 1368 mam
234 1309 296 1385 ejus
327 1328 443 1368 causam
474 1328 657 1384 cognoscere,
688 1308 738 1366 sed
768 1305 885 1377 sufficit,
923 1309 1043 1369 mentis
1073 1311 1135 1370 sive
1151 1330 1195 1387 per·

126 1389 290 1464 captionum
321 1388 500 1447 historiolam
532 1388 706 1448 concinnare
735 1387 819 1446 modo
851 1386 913 1458 illo,
943 1407 1006 1464 quo
1031 1391 1196 1451 Verulaniu

127 1470 219 1528 docet.
251 1470 289 1528 Et
319 1469 365 1528 his
384 1469 485 1545 paucis
505 1473 576 1545 puto
596 1488 642 1527 me
663 1487 763 1527 veram
782 1466 962 1527 Methodum
986 1471 1195 1546 explicuisset
1235 1466 1238 1471 ’

128 1551 349 1621 demonstrasse,
364 1549 506 1625 simulque
516 1548 601 1607 Viam
612 1548 781 1618 ostendisse,
792 1566 850 1622 qua
860 1546 985 1608 adeam
997 1552 1197 1626 perveniamus.

128 1630 265 1706 Superest
285 1635 383 1689 tamen
403 1635 433 1688 te
443 1649 570 1699 monere,
582 1630 619 1688 ad
632 1630 696 1687 haec
707 1627 803 1687 omnia
813 1626 968 1689 assiduam
979 1631 1198 1701 meditationem,

128 1715 158 1769 et
188 1708 314 1768 animum
348 1709 583 1786 propositumque
615 1706 881 1770 constantissimum
912 1710 1044 1785 requiri,
1085 1732 1150 1789 quae
1179 1716 1200 1770 ut

128 1791 301 1867 habeantur,
334 1790 464 1866 apprime
494 1809 611 1848 necesse
641 1794 694 1858 est,
727 1792 837 1847 certum
869 1786 1000 1848 vivendi
1033 1794 1156 1852 modum
1181 1794 1201 1850 et

128 1870 269 1929 rationem
300 1875 438 1941 statuere,
469 1874 499 1929 et
529 1875 639 1929 certum
668 1869 791 1945 aliquem
811 1868 899 1926 finem
920 1871 1148 1946 praescribere3
1166 1871 1202 1931 sei

129 1951 163 2008 de
184 1949 231 2008 his
250 1949 511 2026 impraesentiarum
532 1950 615 2009 satis.

475 2057 544 2116 Vale
564 2065 589 2114 et
610 2077 687 2129 carco,
710 2059 761 2132 qui
781 2061 806 2112 te
826 2050 972 2114 animitas
995 2060 1102 2136 diligit

758 2154 870 2210 Busan.
892 2171 932 2210 nu
955 2153 1098 2216 Sinuesa
1115 2162 1160 2218 **.

162 2235 311 2292 Voorburgi‚
329 2234 365 2280 10.
383 2235 442 2282 dun.
464 2235 529 2280 1666.

612 2370 716 2377 —-

370 2493 423 2551 up
433 2513 444 2551 1
455 2513 469 2551 s
480 2513 496 2550 r
509 2512 525 2552 o
536 2512 553 2549 L
565 2513 586 2550 s
616 2491 773 2549 XXXVIII
798 2491 875 2563 (0HM
891 2488 981 2564 X1⁴111).

526 2627 715 2684 ornatissimo
742 2626 812 2682 Viro

299 2758 532 2817 Jonauur
564 2759 668 2817 viu
700 2759 799 2816 nne
831 2741 1042 2831 unsn*,*

598 2893 633 2949 B.
655 2911 682 2950 n.
705 2891 733 2950 S.

592 3022 696 3082 Versio
710 3028 737 3096 †.

214 3160 401 3217 Ornatissime
428 3159 490 3230 Vir,

171 3266 246 3323 Dum
276 3264 323 3323 hic
353 3265 499 3324 solitarius
529 3264 560 3323 in
592 3284 662 3339 agro
687 3263 778 3321 vitam
800 3282 865 3337 ago,
888 3261 1102 3339 Quaestionem,
1128 3291 1213 3346 quam

131 3345 201 3403 mihi
232 3345 386 3421 aliquando
417 3344 600 3422 proposuisti,
633 3364 743 3403 mecum
774 3343 862 3411 volvi,
894 3361 1016 3417 eamque
1049 3347 1215 3425 simplicem

164 3499 174 3517 ⁶
190 3501 290 3543 naturce
308 3498 394 3554 legum.

164 3558 189 3584 *³*
214 3558 272 3603 Haeo
297 3559 388 3604 ultima
405 3560 431 3604 in
449 3560 504 3605 selo
521 3573 559 3605 ex.
576 3558 629 3606 MS.
646 3561 714 3604 sunt.
732 3557 855 3604 Caeterum
872 3571 902 3602 ea
918 3556 997 3601 verba
1013 3569 1132 3614 quorum
1152 3567 1217 3612 0rd0

135 3624 234 3667 tantum
251 3624 366 3666 mutatus
384 3625 425 3667 est
441 3622 554 3667 indicare
571 3622 776 3679 supersedemus.

165 3682 198 3740 ζ’
222 3683 367 3738 Mercedem,
384 3696 459 3740 quem
476 3684 661 3729 Amstelodami
677 3683 809 3729 habitasse
827 3697 840 3728 e
859 3680 987 3728 Schulleri
1005 3683 1096 3732 verbis
1114 3689 1143 3734 in
1164 3693 1217 3750 epi.

135 3746 200 3793 stola
218 3745 249 3790 ad
265 3744 422 3790 Leibnitium
439 3747 499 3791 dats
516 3760 638 3804 apparere
654 3745 762 3790 videtur.

166 3808 232 3862 †Ab
250 3809 331 3852 amico
348 3808 424 3852 facta.
