2662 4298
124 356 184 414 380
545 373 685 413 rrrsronr
701 372 775 413 nvn.

124 543 220 611 bitrio,
244 540 401 598 clarissime
422 538 607 615 conspicitur.
628 540 759 615 Uterque
781 539 877 608 enim,
902 545 973 598 tam
996 541 1048 616 qui
1067 560 1116 616 pro
1135 559 1192 614 qun

125 621 175 696 qui
197 626 298 679 contra
319 620 457 695 disputat,
479 640 579 678 verum
603 619 673 678 mihi
693 620 792 678 dicere
814 620 958 691 videtur,
982 627 1075 697 prout
1092 620 1193 678 cimirun

129 701 249 777 quilibet
280 700 456 758 Libertatem
488 699 623 775 concipit.
657 700 795 758 Liberum
830 700 918 758 enim
959 702 1037 760 dicit
1071 701 1193 767 canda

125 783 201 856 quod
223 802 241 838 a
261 781 340 838 nulla
361 801 449 839 causa
470 781 600 855 cogitur;
621 785 651 838 et
672 786 704 838 tu
724 785 861 850 econtra,
886 783 976 856 quod
998 802 1018 840 a
1040 783 1118 841 nulla
1135 800 1194 840 cauo

126 861 336 920 determinatur
366 863 403 919 ad
432 861 549 936 aliquid.
571 861 678 918 Fateor
698 860 798 935 itaque
820 866 940 935 tecum,
965 883 1025 920 nos
1045 863 1078 920 in
1097 862 1195 921 omnibu

125 944 212 999 rebus
244 961 261 998 a
287 948 367 999 certa
387 961 475 1000 causa
497 942 534 999 ad
556 940 663 1017 aliquid
686 941 892 1012 determinari,
920 949 956 1000 et
979 944 1025 1001 sic
1047 944 1150 1002 nullum
1163 961 1196 999 uu

126 1022 233 1079 habere
264 1021 386 1080 liberum
416 1021 584 1092 arbitrium3
615 1021 664 1079 sed
694 1026 797 1079 contra
820 1042 955 1098 quoque
978 1030 1056 1099 puto
1078 1044 1138 1082 cum
1154 1022 1197 1080 Car

125 1102 208 1172 tesia,
229 1102 259 1159 in
281 1102 368 1160 cartis
388 1105 474 1160 rebus
495 1102 580 1177 (quod
601 1101 700 1159 statim
721 1101 867 1178 aperiam)
889 1123 954 1161 nos
968 1101 1197 1176 nullatenuscogi,

126 1187 213 1257 atque
247 1183 289 1240 ita
323 1183 430 1240 habere
463 1182 585 1241 liberum
619 1180 780 1240 arbitrium.
816 1183 1015 1258 Exemplum
1047 1185 1198 1243 formabar

125 1263 273 1338 praesenti.

167 1343 282 1418 Triplex
303 1347 399 1400 autem
421 1348 465 1400 est
488 1342 588 1400 Status
609 1340 797 1413 Quaestionis:
814 1346 938 1416 prime,
964 1365 1008 1402 an
1030 1346 1063 1403 in
1085 1365 1137 1415 ree,
1153 1362 1197 1418 qua

126 1429 211 1481 extra
243 1442 296 1481 nos
320 1429 396 1493 sunt,
419 1423 550 1481 absolute
571 1422 695 1498 aliquam
716 1423 882 1481 habeamus
903 1430 1119 1498 potestatem?
1140 1423 1198 1494 Quod

126 1510 260 1577 negatur.
282 1504 414 1579 Exempli
440 1503 544 1578 gratia,
567 1503 642 1577 quod
663 1503 738 1560 hanc
758 1522 838 1559 nunc
862 1523 961 1562 exaro
987 1507 1142 1582 epistolam
1159 1523 1199 1561 non

125 1589 171 1641 est
201 1584 333 1641 absolute
364 1583 393 1641 in
414 1603 479 1642 mea
499 1588 653 1659 potestate,
675 1582 913 1657 quandoquidem
938 1593 1029 1644 certe
1051 1587 1132 1662 prius
1152 1584 1199 1642 scri·

125 1663 256 1739 psissem,
293 1664 322 1720 ni
357 1664 404 1721 vel
438 1664 569 1722 absentiat
611 1664 658 1721 vel
685 1662 841 1720 amicorum
864 1666 1043 1739 praesentia
1068 1665 1200 1742 impeditus

125 1743 251 1801 fuissem.
275 1745 413 1814 Secundo,
436 1765 473 1801 au
495 1763 547 1802 nos
567 1743 597 1803 in
618 1748 713 1801 motus
733 1741 865 1817 corporis
889 1747 1006 1816 nostri,
1032 1747 1085 1822 qui
1103 1764 1202 1821 sequun-

126 1827 182 1893 tur,
205 1824 355 1881 voluntate
377 1843 425 1882 eos
446 1825 482 1882 ad
504 1824 532 1881 id
555 1823 773 1892 determinante,
793 1824 932 1883 absolute
945 1827 1201 1902 habeamuspotce

125 1908 238 1961 tatem?
259 1904 429 1979 Respondeo
449 1904 608 1976 limitando,
630 1905 655 1961 si
676 1902 810 1961 nimirum
835 1923 912 1962 sano
928 1925 1065 1982 corpore
1081 1909 1202 1967 vivamus.

126 1984 156 2042 si
188 1983 263 2042 enim
295 1985 386 2054 valeo,
419 2004 531 2059 semper
561 2005 607 2042 me
641 1985 678 2042 ad
703 1982 887 2041 scribendum
910 1987 1076 2061 applicare
1097 1988 1143 2046 vel
1159 2004 1203 2044 uon

126 2065 271 2140 applicare
305 2085 430 2140 possum.
470 2066 572 2134 Tertio,
605 2085 651 2137 an,
687 2064 800 2139 quando
835 2063 910 2122 mihi
941 2085 1051 2125 meum
1088 2066 1203 2126 Rationis

125 2145 296 2203 exercitium
327 2165 466 2220 usurpare
497 2145 572 2215 licet,
606 2165 639 2202 ec
670 2142 822 2213 liberrime,
851 2144 910 2202 hoc
931 2151 983 2204 est
1005 2149 1153 2219 absolute,
1172 2144 1203 2203 uti

125 2227 253 2300 possim?
274 2227 319 2283 Ad
343 2227 417 2300 quod
439 2227 598 2300 respondeo
620 2225 801 2283 affirmative.
814 2223 887 2292 Quis
898 2225 981 2283 enirn
994 2229 1072 2286 mihi
1084 2233 1201 2302 negaret,

126 2306 180 2362 nisi
212 2307 434 2364 contradicendo
466 2306 590 2380 propriae
623 2303 814 2376 conscientiae,
848 2306 926 2378 quod
952 2327 1019 2365 non
1044 2308 1202 2384 possumis

125 2387 197 2443 meis
219 2387 445 2461 cogitationibus
467 2387 604 2460 cogitare,
627 2407 673 2444 me
695 2386 768 2443 velle
790 2384 918 2442 scribere
934 2393 991 2443 aut
1009 2409 1076 2447 non
1090 2390 1204 2447 scribere

126 2468 164 2523 Et
198 2469 292 2542 quoad
325 2468 520 2542 operationem
552 2487 673 2542 quoque,
708 2466 850 2539 quiahoc
872 2470 1013 2525 externae
1039 2490 1142 2528 causae
1163 2487 1205 2543 per

124 2546 245 2603 mittunt
276 2549 361 2621 (quod
394 2548 549 2605 secundum
578 2546 724 2605 concernit
745 2548 860 2618 casum),
883 2547 963 2618 quod
986 2550 1130 2622 equidem
1152 2556 1201 2606 tan

125 2625 267 2683 scribendi
289 2647 374 2700 quam
396 2647 454 2683 non
475 2627 618 2685 scribendi
639 2627 805 2685 facultatem
820 2627 962 2695 habeam3
978 2629 1085 2687 fateor
1096 2630 1202 2704 quidem

125 2711 228 2775 tecum,
263 2706 324 2762 dari
356 2726 466 2774 causae,
499 2727 564 2781 quae
596 2728 641 2765 me
672 2709 708 2765 ad
739 2707 768 2764 id
799 2705 1009 2776 determinant,
1047 2712 1128 2785 quod
1151 2711 1201 2784 jam

16 2807 18 2812 ·
124 2785 228 2855 scribe,
252 2785 320 2859 quia
341 2786 449 2843 scilicet
470 2787 561 2861 primo
582 2788 651 2845 mihi
667 2787 815 2862 scripsisti,
826 2786 988 2860 eademque
1003 2799 1100 2863 opera
1114 2795 1203 2864 postu·

124 2865 230 2936 lavisti,
253 2871 285 2922 ut
306 2865 399 2940 prima
420 2867 569 2924 occasione
590 2869 785 2939 rescriberem,
801 2872 838 2937 et,
854 2865 921 2940 quia
931 2865 1202 2941 impraesentiarum

124 2947 211 3004 datur
242 2946 360 3018 eccesie,
393 2967 456 3004 earn
487 2968 544 3005 non
574 2949 698 3006 libenter
728 2949 898 3005 amitterem.
927 2946 987 3004 Pro
1011 2956 1098 3008 certo
1120 2950 1202 3008 etiam

124 3028 245 3099 affirmo,
268 3032 342 3084 teste
363 3028 546 3101 conscientia,
569 3049 633 3086 curn
655 3029 792 3098 Cartesiq
814 3026 975 3085 istiusmodi
1001 3047 1055 3086 res
1081 3051 1130 3088 me
1144 3051 1202 3106 pro·

124 3112 225 3182 pterea
256 3128 314 3166 non
336 3128 447 3182 cogere,
470 3129 570 3183 meque
591 3129 693 3166 revera
715 3109 800 3184 (quod
821 3111 930 3181 negatu
950 3107 1076 3167 videtur
1098 3111 1202 3186 impos·

124 3187 216 3262 sibile)
248 3188 276 3246 id
308 3188 492 3248 nihilominus
524 3189 655 3253 omittere
686 3209 779 3263 posse,
801 3209 860 3246 nou
882 3187 1073 3247 obstantibus
1096 3190 1145 3248 his
1164 3212 1204 3248 ra·

122 3268 258 3326 tionibus,
292 3270 320 3327 si
352 3290 464 3345 quoque
496 3290 664 3344 cogeremur
697 3290 713 3327 a
742 3272 828 3328 rebus
859 3266 998 3335 externis
1037 3271 1087 3328 cui
1115 3271 1203 3346 possi-

125 3348 180 3406 bile
213 3354 257 3406 est
288 3350 418 3408 habitum
450 3351 567 3409 virtutis
598 3350 770 3424 acquirere?
806 3350 862 3406 ime
894 3349 947 3405 hoc
979 3349 1081 3423 posito
1111 3352 1204 3409 omnis

125 3428 235 3487 malitia
257 3431 430 3489 excusabilis
451 3437 535 3490 esset.
558 3431 613 3489 Sed
634 3435 704 3504 quot
724 3430 816 3487 modis
836 3450 894 3487 non
915 3428 957 3499 fit,
980 3434 1022 3498 ut,
1046 3431 1073 3487 si
1086 3435 1204 3490 arabus

124 3509 255 3568 externis
275 3512 311 3569 ad
333 3511 441 3588 aliquid
462 3511 693 3582 determinemur,
716 3512 866 3568 obfirmato
887 3514 984 3566 tamen
1000 3528 1035 3566 ac
1051 3513 1202 3570 constant

124 3591 151 3648 ei
173 3590 340 3650 resistamus
361 3592 471 3652 animo!

167 3673 208 3730 Ut
237 3671 334 3745 itaque
365 3673 520 3747 superioris
551 3673 679 3746 Regulae‘
700 3671 848 3729 clariorem
870 3670 932 3726 dem
954 3668 1202 3743 explicationem:

126 3754 221 3811 Ambo
252 3750 381 3826 equidem
411 3772 512 3810 verum
545 3752 639 3809 dicitis
670 3751 817 3827 proprium
846 3751 931 3825 juxta
963 3757 1156 3824 conceptum3
1180 3755 1204 3811 si

123 3838 220 3892 autem
252 3831 412 3891 absolutam
444 3833 596 3891 veritatem
628 3837 799 3906 spectemus
830 3831 894 3889 haec
921 3834 1037 3887 tantum
1058 3835 1204 3909 competit
