2662 4298
571 368 709 418 nrisrona
733 369 774 408 vr.
1149 350 1209 409 213

134 534 208 593 satis
223 540 314 593 erunt
335 539 404 610 apta
419 535 449 608 a)
470 534 507 592 ad
528 553 635 593 novum
659 535 803 610 quoddam
825 554 917 610 genus
938 533 1018 593 fluidi
1034 544 1206 610 componen-

134 615 204 673 dum
221 616 259 688 b).

178 701 204 766 ξ.
228 697 274 754 iu.
316 696 406 771 idque
426 697 496 753 dum
517 714 565 753 eus
585 697 682 754 minus
702 715 790 772 quum
813 703 897 754 anien
916 697 1010 754 reddit
1024 697 1141 769 flexiles,
1156 703 1206 754 etc.

134 775 205 833 Sine
226 777 285 833 ulla
305 775 431 850 partium
452 774 620 847 mutatione,
643 776 693 834 sod
714 795 752 834 ex
772 794 806 833 eo
827 779 941 834 tantum
955 777 991 849 c),
1014 775 1091 851 quod
1109 780 1208 850 partes

135 855 165 913 in
183 855 336 931 Recipiens
346 856 491 931 propulsae
504 854 651 930 areliquis
660 858 883 930 separabantur,
893 855 924 914 in
935 854 1011 913 aliud
1027 874 1132 931 corpus
1144 856 1206 914 olco

131 935 254 994 solidius
266 935 415 1010 coagulari
425 939 589 1011 potuerant.
602 935 730 1012 Corpora
741 935 816 994 enim
829 936 875 994 vel
886 935 997 994 leviora
1008 936 1206 1011 velpondero-

131 1015 214 1074 siora
235 1021 303 1074 sunt
322 1035 375 1092 pro
396 1015 555 1090 rationed)
576 1015 737 1089 fluidorum,
760 1015 865 1091 quibus
878 1015 1091 1092 immerguntur
1103 1021 1137 1089 e).
1160 1015 1207 1074 Sic

133 1095 285 1171 particulae
306 1096 415 1171 butyri,
437 1096 505 1154 dum
525 1095 595 1154 lacti
607 1097 638 1170 f)
658 1095 803 1167 innatant,
824 1101 937 1173 partem
959 1095 1116 1172 liquorisp)
1132 1116 1206 1154 corn·

133 1181 262 1251 ponunt3
278 1177 328 1234 sed
343 1180 496 1252 postquam
513 1177 558 1234 lac
568 1177 596 1245 b)
610 1196 717 1234 novum
728 1181 837 1234 motum
847 1181 966 1253 propter
977 1175 1167 1251 agitationem
1182 1178 1207 1250 i)

132 1256 267 1331 acquirit,
297 1256 343 1314 cui
370 1276 469 1314 omnes
500 1260 598 1331 partes
618 1256 664 1315 lac
677 1258 707 1329 ic)
729 1261 934 1333 componentes
955 1275 1013 1315 non
1035 1257 1153 1333 aequet)
1175 1276 1206 1314 se
1277 1279 1280 1285 ·

133 1337 353 1394 accommodare
374 1341 504 1413 possunt,
526 1337 581 1395 hoc
601 1337 694 1394 solum
714 1336 785 1395 facit
799 1339 850 1411 m),
872 1336 1203 1412 utquaedampondero·

133 1416 228 1475 siores
253 1417 388 1491 evadant,
416 1437 481 1493 quae
509 1421 608 1493 partes
628 1416 751 1476 leviores
772 1437 885 1476 sursum
905 1416 1026 1493 pellunt.
1049 1416 1113 1487 Sed,
1137 1416 1205 1492 quia

137 1498 183 1555 hae
216 1497 339 1556 leviores
371 1507 437 1556 aere
467 1496 689 1574 ponderosiores
717 1500 793 1569 sunt,
822 1501 855 1556 ut
882 1517 947 1556 oum
975 1496 1038 1573 ipso
1065 1496 1204 1572 liquorem

133 1582 320 1652 componant,
350 1581 386 1636 ab
413 1577 476 1653 ipso
504 1578 637 1636 deorsum
658 1578 814 1654 pelluntur,
836 1582 866 1636 et
886 1576 954 1652 quia
975 1577 1011 1635 ad
1032 1580 1142 1635 motum
1162 1576 1204 1634 in·

134 1662 213 1733 eptae
240 1662 316 1728 sunt,
343 1657 407 1716 ideo
436 1657 523 1716 etiam
550 1658 619 1717 solae
640 1658 780 1734 liquorem
801 1677 972 1734 componere
993 1676 1052 1715 non
1072 1661 1203 1733 possunt,

132 1738 185 1795 sed
201 1739 242 1811 m)
268 1738 323 1797 sibi
342 1737 465 1797 invicem
486 1737 657 1797 incumbunt
676 1743 706 1797 et
727 1739 879 1797 adhaerent
892 1740 933 1812 n).
954 1738 1087 1814 Vapores
1107 1737 1203 1807 etiam,

132 1837 201 1876 cum
233 1820 270 1876 ab
301 1827 368 1877 aere
398 1822 579 1895 separantur,
611 1818 641 1877 in
669 1838 773 1894 aquam
803 1822 963 1888 mutantur,
985 1817 1050 1893 quae
1071 1822 1205 1894 respectu

134 1897 214 1956 ae'ris
235 1899 396 1957 consistens
415 1904 512 1975 potest
533 1898 641 1973 dicio).

178 1982 203 2050 ξ.
228 1980 274 2036 13.
316 1981 411 2055 Atque
437 1981 596 2055 exemplum
619 1987 686 2055 peto
706 2000 726 2037 a
753 1980 850 2041 Vesica
865 1998 923 2053 per
944 1996 1051 2051 aquom
1072 1980 1203 2048 distento,

133 2079 225 2135 quom
253 2079 271 2117 α
299 2062 389 2118 uesica
416 2065 481 2118 aire
507 2061 602 2134 pleno,
629 2067 677 2118 aio.
707 2058 778 2117 (ium
806 2078 891 2134 aquae
920 2056 1070 2134 particulae
1092 2077 1205 2133 sempor

133 2158 369 2214 quaquaversum
389 2138 587 2198 indesinenter
607 2143 780 2198 moveantur
790 2141 836 2214 p),
856 2138 1039 2214 perspicuum
1061 2142 1114 2207 cst,
1135 2137 1159 2195 si
1175 2141 1204 2213 q)

130 2239 152 2277 a
181 2219 348 2295 corporibus
376 2218 645 2294 circumjacentibus
666 2239 724 2277 non
745 2218 916 2277 cohibentur
931 2219 969 2292 r),
992 2236 1054 2276 eam
1076 2237 1202 2292 quaqua·
1229 2268 1232 2274 ,

135 2318 250 2358 versum
265 2301 291 2373 s)
313 2299 465 2358 dilatatum
485 2299 522 2358 iri
536 2302 576 2372 i);
599 2319 685 2376 porro
706 2299 774 2375 quid
795 2298 901 2357 vesicae
924 2318 1000 2373 aqua
1020 2297 1114 2373 plenae
1145 2297 1203 2356 dis-

134 2381 226 2438 tentio
245 2380 329 2455 juvet
343 2381 379 2453 o),
402 2381 438 2439 ad
460 2379 634 2438 senteutiam
656 2381 691 2438 de
712 2378 1092 2455 spatiolisoonfirmandam,
1108 2378 1203 2437 fateor

135 2479 181 2517 me
202 2460 327 2518 nondum
349 2480 433 2536 posse
453 2459 602 2536 percipere
615 2462 663 2534 x):
685 2459 760 2518 ratio
781 2459 866 2531 enim,
888 2479 940 2519 cur
959 2457 1202 2534 partionlaeaquae

135 2539 276 2599 lateribus
296 2539 399 2600 vesica
420 2539 511 2616 digito
532 2539 639 2617 pressis
660 2560 718 2599 non
738 2540 853 2611 cedant,
875 2540 951 2616 quod
972 2538 1052 2608 alias,
1067 2538 1091 2597 si
1105 2538 1203 2598 liberae

132 2625 242 2692 essent,
275 2621 413 2691 iacerent,
445 2626 498 2693 est,
531 2621 598 2696 quia
625 2641 683 2680 non
704 2622 791 2680 datur
810 2619 1009 2697 aequilibrium,
1031 2619 1093 2678 sive
1114 2619 1202 2678 circu·

134 2836 348 2845 *-

165 2970 191 3027 u)
219 2971 284 3016 sniis
309 2975 369 3028 apia
393 2971 457 3026 forie
481 2974 561 3015 erum.
692 2969 715 3024 b)
740 2971 774 3015 ud
798 2983 873 3027 comp·
895 2969 972 3017 oiiam
997 2982 1084 3014 novum
1101 2969 1202 3025 speciem

131 3033 208 3089 fluidi
224 3031 292 3077 nobis
309 3033 425 3089 ipuoimn.
553 3033 574 3081 ct
592 3036 690 3077 tuntum
707 3046 736 3076 en
753 3046 787 3079 co.
913 3031 939 3089 d)
956 3031 1018 3076 idem
1036 3030 1101 3075 enim
1113 3044 1203 3087 corpus

134 3095 171 3139 rel
187 3094 262 3139 levina
280 3095 316 3139 rei
327 3095 494 3152 ponderosius
503 3098 538 3140 esi
542 3107 592 3152 pro
601 3095 773 3139 constitutione
781 3099 804 3138 et
812 3098 914 3139 notura.
1008 3092 1029 3149 e)
1039 3092 1202 3148 immerqiiur.

163 3158 186 3212 fi
204 3170 266 3202 sero.
391 3157 418 3214 y]
435 3156 514 3202 lactis.
643 3155 668 3213 b)
685 3156 706 3202 L
724 3157 811 3202 addit:
828 3157 878 3201 aios
894 3169 995 3200 cremor.

169 3221 186 3269 it
204 3219 224 3264 L
242 3220 339 3264 omittit
350 3224 457 3277 propter
473 3220 638 3276 affiictionem.
764 3219 789 3265 iot
806 3218 827 3264 L
845 3218 929 3264 addit:
946 3218 1077 3274 inieqrum.

165 3281 183 3339 l)
201 3282 221 3327 L
243 3282 328 3327 addit:
346 3283 420 3339 facile
437 3295 467 3326 ao·
478 3282 564 3339 primo
580 3294 625 3327 suo
641 3282 723 3326 motui.
815 3279 884 3337 rii-m)
897 3284 986 3338 paries
1002 3279 1086 3338 butyri
1102 3279 1203 3323 lavicina

135 3344 285 3388 conductui
302 3359 355 3389 cirin
372 3357 427 3389 sero
444 3344 563 3402 liquorem
580 3357 720 3402 componere
735 3344 838 3401 possint,
850 3348 923 3402 nique
935 3342 1201 3399 etiamponderoaiores

135 3411 193 3450 suni
209 3411 237 3451 ut
254 3421 306 3451 rum
324 3409 380 3451 atre
396 3406 501 3463 fluidum
517 3410 670 3464 componant.
687 3406 721 3450 ut
736 3405 797 3464 puin
812 3406 920 3463 fimorum
933 3403 1202 3461 hamtr'rrequuoom,

129 3473 159 3512 ui
192 3474 297 3527 apparet
321 3483 349 3513 en·
374 3482 401 3514 eo
424 3468 489 3527 quod
512 3469 589 3513 motui
608 3469 798 3526 particularum
822 3469 875 3514 aeri
896 3481 923 3514 se
947 3466 1128 3513 accommodare
1152 3479 1202 3512 non

130 3536 274 3589 potuerunt,
292 3532 344 3576 ideo
360 3545 435 3590 neque
451 3531 509 3577 aoloe
524 3528 630 3588 fluidum
646 3532 792 3577 constituere
804 3535 919 3589 possunt,
935 3529 1039 3588 ideoque.

163 3596 189 3649 n)
208 3599 279 3652 atque
297 3594 458 3639 intricantur.
585 3592 608 3651 o)
626 3593 647 3638 L
665 3593 751 3639 addit:
768 3594 802 3639 Et
818 3594 855 3639 sic
872 3593 924 3638 aliu
940 3593 1027 3638 multa.

161 3658 191 3713 pt
209 3656 405 3714 quandoquidem
423 3671 492 3715 aquoe
504 3655 639 3714 particulos
654 3656 732 3702 indes.
749 3670 835 3702 versus
852 3669 933 3701 omnes
944 3660 1035 3714 paries
1051 3659 1184 3701 runcantur.

162 3718 186 3776 qi
203 3719 230 3764 si
245 3733 319 3778 aquo.
445 3719 470 3775 r)
487 3718 634 3763 cohibeatur.
760 3717 782 3776 s)
800 3732 994 3778 quaquaversus.

163 3784 181 3830 tt
198 3781 219 3825 L
239 3782 296 3826 add.
313 3782 370 3836 siue,
388 3781 452 3840 quod
467 3781 530 3826 idem
548 3785 592 3838 est,
608 3782 656 3826 vim
672 3781 761 3826 habere
777 3781 912 3828 elosticom.
1038 3779 1062 3839 v)
1079 3781 1140 3840 quid
1157 3781 1201 3825 hoo

129 3844 264 3901 ammplam
281 3845 364 3889 vesicoe
380 3844 466 3897 sucini.
593 3843 618 3902 r)
636 3845 740 3904 ussopui.
