2662 4298
124 326 184 384 408
546 345 685 384 nersronn
706 344 775 383 ixx.

125 511 272 570 minimam
293 531 392 570 eorum
402 512 577 571 mentionem
587 512 665 571 fecit.
676 513 756 570 Idem
767 511 815 569 ille
827 511 962 570 Leibniz
977 513 1086 588 magni
1098 514 1203 572 estimat

125 592 174 649 Tr.
213 593 311 651 Theol.
350 593 434 652 Polit.
469 593 505 651 de
536 593 619 668 cujus
649 591 771 650 materia
802 591 950 664 Domino,
988 593 1017 651 si
1051 594 1204 660 meminerit

124 671 282 747 Epistolam
305 671 459 748 aliquando
480 673 605 749 scripsit.
626 673 770 747 Rogarem
791 671 899 747 itaque
921 673 1104 744 Dominum,
1125 675 1205 734 utnisi

125 752 238 810 sontica
266 752 358 810 subsit
386 772 482 821 causa,
503 753 532 811 id
554 773 606 828 pro
628 771 768 827 generosa
789 752 857 809 Tua
880 753 1086 812 humanitate
1106 755 1206 830 permit·
1248 750 1251 763 '

125 837 187 890 tere
208 852 245 890 ne
266 833 407 906 graveria,
430 834 489 903 sed,
511 833 535 891 si
557 833 619 892 fieri
640 832 738 908 possit,
751 851 837 906 quam
851 833 1002 906 proxime
1014 835 1206 893 resolutionem

124 913 216 970 Tuam
247 912 370 988 aperias,
392 933 456 971 cum
479 913 605 988 acceptis
626 911 816 987 responsoriis
837 912 926 983 Tuis
951 920 1067 973 nostro
1089 915 1206 974 Tsehim·

126 991 227 1050 hausio
271 994 446 1067 respondere
484 998 594 1068 potero,
630 993 704 1068 quod
743 991 828 1050 avide
862 993 923 1051 Die
960 995 1081 1054 Martis
1112 996 1209 1071 vesperi

125 1073 260 1142 facerem,
292 1073 348 1130 nisi
378 1073 583 1148 impedimenta
615 1072 750 1147 graviora
780 1071 913 1131 Domino
949 1095 1077 1134 moram
1110 1084 1208 1134 nectere

126 1152 283 1226 coegerint.
315 1154 351 1211 D.
384 1155 547 1219 Bresserus.
570 1173 606 1212 ex
627 1152 719 1212 clivia
738 1152 832 1210 redux
853 1153 971 1223 factus,
998 1156 1128 1214 multam
1149 1177 1209 1215 cero·

126 1231 195 1290 vism
226 1233 328 1307 patriae
357 1233 550 1308 quantitatem
571 1235 627 1292 huc
648 1232 741 1303 misit;
762 1232 863 1289 monui
886 1233 994 1309 ipsum
1020 1241 1057 1294 ut
1079 1237 1209 1295 dimidiam

126 1313 256 1370 Tonnam
287 1313 409 1371 Domino
438 1315 617 1385 concederet,
644 1314 719 1389 quod
741 1332 806 1370 cum
828 1313 1023 1374 amicissima
1047 1318 1209 1375 salutatione

125 1397 267 1467 praestare
298 1393 437 1468 promisit.
469 1393 601 1468 Denique
632 1392 700 1469 styli
725 1391 847 1450 ruditati
877 1394 1061 1471 calamique
1085 1397 1211 1456 celeritati

20 1480 22 1484 ’
125 1472 260 1548 ignoscas
293 1493 401 1548 quaeso,
429 1473 555 1549 mihique
584 1474 620 1532 ad
648 1472 767 1532 servitia
787 1473 852 1530 Tua
874 1478 1069 1550 exequenda
1090 1477 1209 1553 imperes,

125 1557 158 1610 ut
179 1553 356 1611 occasionem
377 1554 483 1612 realem
505 1555 627 1613 habeam
648 1552 775 1612 testandi
795 1572 842 1610 me
863 1572 944 1627 esse,

634 1689 685 1746 Vir
706 1689 966 1759 Praestantissimo,

697 1813 827 1874 ’sernum
853 1795 923 1852 Tibi
940 1803 1179 1871 paramentorum

792 1899 827 1958 G.
849 1900 889 1958 H.
915 1901 1102 1964 Seriumne.

158 2007 284 2054 hmsterd.
303 2007 340 2053 14.
356 2007 479 2054 Novemb.
497 2008 564 2053 1675.

407 2318 624 2376 Errsronn
646 2318 740 2375 LXXI
761 2319 839 2390 (omn
855 2322 914 2389 xx).

533 2452 701 2509 Clarissimo
728 2453 797 2509 Viro

594 2586 628 2642 B.
651 2605 678 2643 Ι).
702 2584 730 2643 S.

338 2718 576 2778 HENRIOUS
607 2717 989 2778 OLDENBURGIUS

621 2854 652 2912 P.
676 2853 703 2910 S.

169 2987 313 3055 Quantum
336 2987 419 3045 video
442 3008 478 3045 ex
499 2988 557 3045 tuis
578 2986 749 3055 novissimis
771 2985 801 3043 in
823 2984 949 3060 periculo
973 2997 1123 3050 versatur
1135 2994 1214 3052 Libri

128 3087 145 3123 a
166 3073 195 3124 te
216 3066 329 3141 publico
351 3067 488 3125 destinati
508 3068 612 3126 Editio.
635 3067 700 3125 Non
721 3086 837 3141 possum
858 3085 915 3123 non
937 3070 1074 3140 probare
1099 3073 1214 3132 institu-

128 3152 189 3204 tum
217 3152 307 3216 tuum,
330 3167 386 3222 quo
408 3147 552 3206 illustrare
574 3154 604 3206 et
625 3148 734 3206 mollire
756 3151 785 3204 te
807 3146 880 3203 velle
901 3144 1067 3221 significas,
1094 3173 1163 3227 quae
1186 3154 1215 3211 iii

127 3228 268 3285 Tractatu
309 3228 616 3302 Theologioo·Politioo
656 3248 768 3286 crucem
807 3225 976 3283 Lectoribus
1018 3230 1129 3291 fixere.
1172 3235 1214 3292 Ea

126 3307 266 3382 imprimis
287 3328 349 3365 esse
370 3313 478 3383 putem,
500 3329 565 3384 quae
587 3308 722 3382 ambigue
742 3307 782 3365 ibi
803 3305 911 3364 tradita
932 3304 1080 3368 videntur
1097 3314 1134 3371 de
1152 3316 1213 3373 Deo

127 3394 157 3445 et
187 3387 315 3459 Natura3
349 3410 414 3464 quac
443 3390 499 3447 duo
527 3410 545 3446 a
572 3393 601 3446 te
623 3388 760 3446 confundi
781 3385 984 3463 quamplurimi
1007 3390 1213 3453 arbitrantur.

127 3468 240 3525 Adhaec
277 3469 374 3527 multis
414 3470 514 3527 tollere
552 3468 659 3526 videris
693 3468 895 3526 miraculorum
927 3467 1151 3531 authoritatem
1184 3481 1213 3533 et

128 3548 275 3617 valorem‚'
295 3549 397 3623 quibus
418 3549 488 3607 solis
510 3549 621 3607 Divinae
642 3548 840 3607 Revelationis
861 3545 1068 3606 ccrtItudinem
1095 3555 1213 3613 adstrui

128 3647 220 3701 posse,
256 3629 388 3688 omnibus
421 3631 482 3687 fere
516 3629 687 3688 Christianis
722 3634 766 3686 est
797 3645 974 3704 persuasum.
1008 3628 1144 3705 Insuper
1177 3637 1212 3693 dc

128 3710 199 3766 Jesu
220 3708 344 3780 Christo,
367 3709 468 3767 Mundi
489 3710 680 3782 ltedemptore
702 3714 731 3767 et
752 3709 835 3767 unico
857 3705 1004 3764 hominum
1028 3709 1213 3785 Mediatore,

129 3789 220 3864 deque
241 3790 302 3864 ejus
323 3789 527 3848 incarnatione
549 3794 578 3846 ct
599 3788 811 3860 Satisfactione‚
827 3785 1000 3846 sententiani
1013 3791 1099 3848 tuam
1111 3796 1213 3854 celare
