2662 4298
124 331 182 388 218
551 349 690 388 urrsrouu
716 349 770 392 v11.

125 520 285 597 epistolam,
307 519 338 577 in
359 518 454 595 Boylii
475 519 580 578 librum
603 520 686 578 docte
706 518 1014 593 animadvertentem,
1033 523 1194 599 accepilpsc

126 603 237 658 Auctor
258 619 318 658 una
339 618 450 657 mecum
472 599 615 658 maximas
636 599 688 658 tibi
709 618 761 674 pro
782 599 1042 661 meditationibus
1065 603 1194 663 communi

125 681 199 739 eatis
231 680 343 755 gratias
377 680 448 754 agit.
481 679 569 755 idque
599 680 685 738 citius
715 679 922 754 significasset,
957 681 1024 740 nisi
1058 703 1124 743 eum
1149 703 1196 760 spa

126 760 277 829 tenuisset,
301 778 332 817 se
353 759 546 834 negotiorum,
569 759 675 836 quibus
696 763 842 831 oneratur,
864 761 946 820 mole
969 767 1041 821 tam
1057 764 1138 823 brevi
1146 769 1196 822 teu·

126 840 205 916 poris
226 839 320 915 spatio
343 839 472 915 potuisse
492 840 593 911 levari,
617 844 646 898 et
666 860 725 898 uua
746 859 810 898 cum
833 839 943 914 gratiis
966 842 1067 901 etiam
1080 843 1196 920 respond

126 939 209 978 onem
231 939 312 978 suam
335 920 434 978 eadem
457 939 545 995 opera
566 920 709 995 potuisset
729 919 887 978 remittere.
911 921 1036 981 Verum
1061 924 1198 983 enimvero

127 1021 177 1075 spe
199 1019 252 1058 sua
273 1019 304 1057 se
326 1000 468 1058 hactenus
488 1000 661 1059 frustratum
684 1000 781 1072 sent't,
794 999 922 1074 negotiis
934 1005 1003 1060 tum
1017 1005 1198 1079 publicistun

99 1090 102 1094 '
126 1079 251 1157 privatis
284 1100 348 1139 eum
380 1079 422 1138 ita
455 1080 692 1151 distrahentibus,
715 1085 748 1139 ut
767 1081 823 1138 hac
842 1079 906 1138 vioe
930 1101 995 1140 non
1020 1083 1084 1142 nisi
1105 1090 1200 1160 gratun

128 1181 212 1220 suum
235 1160 362 1219 animum
385 1160 437 1218 tibi
458 1160 561 1219 testari
583 1165 687 1236 queat3
710 1180 791 1219 suam
812 1178 882 1218 vero
903 1160 943 1218 de
966 1161 1063 1223 Notis
1086 1166 1144 1224 tuis
1155 1184 1201 1223 sen·

129 1241 250 1301 tentiam
282 1241 311 1299 in
347 1241 423 1299 aliud
455 1245 571 1317 tempus
603 1241 718 1299 differre
739 1243 870 1315 cogatur.
893 1241 1036 1315 Accedit,
1063 1246 1142 1321 quod
1161 1246 1202 1304 duo

129 1321 298 1381 Adversarii
329 1320 444 1396 scriptis
476 1320 591 1379 excusis
622 1341 686 1379 eum
708 1325 777 1380 sunt
796 1320 901 1386 adorti,
923 1321 1049 1396 quibus,
1074 1331 1110 1384 ut
1129 1325 1204 1402 prino

129 1422 242 1478 quoque
273 1407 403 1477 tempore
424 1402 607 1476 respondeat,
630 1401 800 1459 obstrictum
822 1420 853 1458 se
875 1400 1060 1464 arbitratur.
1085 1406 1129 1464 Ida
1149 1424 1204 1465 vero

129 1483 244 1558 Scripta
264 1501 322 1539 nou
344 1481 374 1539 in
396 1481 672 1540 Commentationem
695 1482 730 1540 de
751 1480 844 1551 Nicro,
867 1480 972 1540 sedin
995 1483 1136 1544 libellum
1155 1486 1204 1561 ejus

130 1562 226 1631 alium,
259 1561 468 1636 Experimento
500 1561 688 1620 Pneumatica
717 1561 859 1635 Atriaque
879 1561 1034 1622 Elaterem
1059 1565 1205 1641 probantia

130 1641 335 1709 continentem,
367 1641 529 1700 vibrantur.
553 1641 769 1716 Quamprimum
790 1639 938 1699 laboribus
962 1642 1050 1702 hisce
1074 1666 1108 1705 se
1130 1665 1205 1722 expe·

131 1720 246 1792 (livent,
269 1721 304 1779 de
325 1720 383 1778 tuis
404 1721 490 1779 etiam
512 1721 739 1797 Exceptionibus
759 1725 885 1779 ruentem
906 1741 993 1780 suam
1016 1723 1074 1783 tibi
1088 1727 1204 1802 aperiet;

131 1807 162 1859 at
183 1801 297 1859 interea
317 1801 454 1877 temporis
475 1806 569 1876 rogat,
592 1821 629 1860 ue
649 1822 758 1860 moram
773 1803 849 1860 hanc
862 1800 1203 1882 sinistreinterpreteris

172 1880 330 1956 Collegium
349 1880 420 1941 illud
441 1882 719 1958 Philosophantium,
742 1883 777 1940 de
798 1901 853 1957 quo
875 1900 974 1940 coram
997 1887 1082 1961 apud
1095 1891 1127 1946 te
1139 1907 1204 1946 meu-

131 1961 241 2020 tionem
261 1961 426 2037 injeceram,
446 1963 504 2038 jam
527 1962 617 2037 Regis
637 1962 730 2020 nostri
744 1961 840 2037 gratia
852 1960 882 2018 in
895 1960 1078 2024 Societatem
1092 1966 1204 2043 Regiam

132 2062 302 2101 conversum
325 2047 378 2114 est,
399 2042 572 2119 publicoque
593 2042 757 2117 Diplomate
775 2040 926 2113 munitum,
943 2062 1001 2117 quo
1013 2043 1074 2120 ipsi
1086 2046 1205 2123 insignia

131 2123 289 2199 Privilegia
320 2124 526 2193 conceduntur,
552 2143 675 2198 spesque
697 2122 816 2197 egregia
837 2122 1047 2197 suppeditatur
1068 2127 1205 2186 reditibus

131 2203 302 2263 necessariis
322 2203 350 2262 id
370 2203 464 2279 ipsum
485 2203 688 2278 locupletandi.

172 2285 295 2343 Omnino
327 2285 505 2343 consulerem
533 2283 595 2353 tibi,
618 2288 659 2351 ut,
683 2304 747 2358 quau
770 2303 822 2357 pro
843 2279 954 2356 ingenii
975 2283 1021 2340 tui
1044 2288 1206 2361 sagacitate

132 2366 224 2438 docte,
246 2369 307 2422 tum
329 2364 359 2421 in
381 2363 593 2439 Philosophiois
615 2368 675 2422 tum
697 2362 889 2437 Theologiois,
901 2362 1098 2436 concinnasti,
1112 2367 1208 2427 Doctis

134 2465 190 2502 non
222 2444 361 2512 invideas
389 2444 490 2502 sedin
511 2444 655 2519 publicum
676 2443 792 2518 prodire
814 2443 900 2512 sinas,
924 2442 1062 2518 quioquid
1090 2448 1206 2506 Thecla·

135 2524 227 2598 gastri
258 2523 419 2598 oggannire
451 2523 587 2598 poterint.
621 2524 782 2582 liberrima
814 2528 858 2581 est
888 2524 1067 2598 Respublica
1100 2533 1208 2598 vestra,

135 2604 280 2661 liberrime
311 2603 340 2661 in
368 2623 402 2661 ea
429 2604 705 2678 philosophandum:
727 2609 778 2662 tua
799 2602 915 2662 interim
936 2603 1028 2678 ipsius
1051 2609 1208 2681 prudentia

135 2684 187 2741 tibi
219 2688 366 2758 suggeret,
400 2688 433 2741 ut
463 2689 619 2759 conceptus
652 2691 716 2743 tuos
746 2690 883 2759 tuamque
911 2684 1101 2757 sententiam,
1126 2708 1208 2765 quam

135 2763 244 2839 poteris
264 2763 481 2834 modestissime,
503 2765 617 2839 predae,
631 2766 666 2823 de
677 2765 788 2840 reliquo
799 2769 933 2822 eventum
945 2765 1019 2822 Fato
1031 2769 1209 2828 committas.

136 2848 201 2918 Age
231 2843 330 2919 igitur,
362 2844 416 2901 Vir
437 2844 551 2919 optime,
574 2850 681 2903 metum
704 2866 815 2903 omnem
838 2849 994 2918 expectere
1016 2848 1114 2906 nostri
1137 2854 1209 2909 tem·

136 2924 216 3000 poris
237 2924 442 2982 homunciones
462 2925 611 2994 i1·ritandi;
634 2925 705 2983 satis
726 2926 774 2983 diu
795 2923 968 2999 ignorantiae
990 2929 1020 2983 et
1040 2928 1134 3003 nugis
1149 2930 1211 2988 lita·

137 3011 214 3075 tum;
236 3006 301 3063 vela
322 3007 482 3080 pandamus
503 3026 581 3064 verre
603 3005 741 3073 scientiae,
763 3010 793 3063 et
814 3006 933 3063 Naturae
955 3005 1046 3080 adyta
1068 3009 1208 3082 penitius,

137 3105 222 3160 quam
245 3087 385 3143 hactenus
407 3087 524 3156 factum,
547 3091 716 3143 scrutemur.
740 3086 870 3156 lnnoxie,
883 3090 990 3160 putem,
1002 3087 1213 3148 meditationes

138 3171 196 3223 tuae
218 3166 294 3240 apud
316 3186 368 3224 vos
389 3166 492 3224 excudi
514 3171 659 3241 poterunt,
682 3186 735 3223 nec
755 3167 846 3224 ullum
858 3185 956 3222 earum
967 3164 1045 3223 iuter
1055 3166 1214 3243 Sapientes

138 3246 341 3303 offendiculum
362 3247 529 3305 verendum.
552 3247 614 3304 Hos
635 3245 725 3320 igitur
746 3246 770 3303 si
791 3247 935 3304 Patronus
956 3250 985 3301 et
1005 3246 1155 3308 Fautores
1167 3250 1212 3308 in·

138 3325 253 3383 veneris
276 3328 320 3397 (ut
342 3326 457 3385 omnino
479 3332 508 3385 te
529 3327 713 3385 inventurum
736 3327 884 3401 spondeo),
907 3324 974 3400 quid
986 3327 1118 3386 Momum
1130 3330 1213 3405 igno·

137 3411 250 3463 rantem
284 3407 461 3464 reformides,
494 3407 558 3465 Non
579 3412 609 3464 te
630 3406 747 3465 missum
769 3406 881 3476 faciam,
903 3404 1004 3463 Aruice
1025 3406 1212 3482 honorande,

138 3486 208 3560 quin
239 3493 268 3544 te
300 3507 469 3557 exoravero,
502 3507 712 3562 necunquam,
736 3491 875 3563 quantum
897 3485 1011 3561 quidem
1033 3485 1135 3547 inme
1157 3495 1213 3560 est,

137 3567 300 3635 concedam,
334 3572 367 3624 ut
397 3566 533 3642 Cogitata
563 3573 623 3634 tua,
656 3587 721 3642 quac
744 3567 818 3625 tanti
840 3572 908 3624 sunt
929 3566 1073 3641 ponderis
1098 3574 1216 3629 auterno

139 3645 252 3703 silentio
275 3653 452 3721 premantur.
475 3648 653 3723 Magnopere
674 3667 745 3721 rogo
767 3652 808 3718 ut,
831 3647 899 3722 quid
921 3666 1008 3722 super
1028 3646 1084 3704 hac
1099 3668 1133 3707 re
1145 3671 1217 3711 con÷

141 3725 195 3783 silii
217 3727 323 3800 capies,
345 3726 414 3784 mihi
437 3727 609 3801 significare,
632 3747 717 3802 quam
739 3727 862 3802 primum
885 3726 1031 3785 commode
1046 3732 1142 3801 potes,
1155 3751 1216 3790 non

142 3806 282 3882 graveris,
305 3807 466 3867 Occurrent
487 3807 533 3866 hic
554 3810 629 3866 forte
651 3807 728 3878 talia,
751 3828 816 3883 quae
838 3807 1002 3882 cognitione
1024 3811 1074 3864 tua
1095 3828 1157 3868 uon
1172 3812 1216 3870 in·
