2662 4298
429 345 744 386 sanctonico-romara
766 347 830 386 eir.
853 347 903 386 xv.
1143 329 1199 388 115

127 518 236 593 aliquid
267 535 384 590 negare,
417 534 504 590 quam
535 515 609 589 quod
641 514 726 572 Ratio
747 516 910 574 reclamat?
931 517 970 574 Et
990 511 1119 591 profecto
1141 537 1200 576 non

126 599 202 657 satis
243 595 342 654 mirari
380 614 505 670 possum,
542 595 618 669 quod
650 594 810 665 Rationem,
844 595 951 654 donum
983 597 1136 655 maximum
1172 603 1201 656 et

128 680 223 737 lucem
244 677 380 742 divinam,
402 675 523 733 mortuis
543 674 643 745 literis,
663 679 692 732 ct
705 695 769 750 quae
781 676 910 733 humana
925 676 1036 734 malitia
1048 678 1202 752 depravari

127 762 294 835 potuerunt,
317 755 486 814 submittere
508 754 613 823 velint3
635 760 665 812 et
686 756 760 830 quod
780 756 889 814 nullum
904 756 1201 828 existimeturscelus,

127 844 232 897 contra
263 839 398 907 Mentem,
432 855 533 892 verum
561 834 615 892 Dei
638 835 720 895 ‚verbi
742 837 951 911 syngraphum,
973 836 1091 911 indigne
1112 837 1198 913 loqui,

128 937 249 993 eamque
280 920 456 991 corruptam,
478 934 594 985 caecam,
617 919 646 972 et
666 915 811 989 perditam
832 921 970 986 statuere,
992 922 1023 975 at
1043 917 1201 976 maximum

130 1000 274 1056 habeatur
305 997 406 1065 scelus,
440 995 510 1053 talia
544 995 579 1052 de
610 994 695 1053 litera
726 1000 756 1052 et
788 996 870 1054 verbi
890 996 944 1054 Dei
964 996 1041 1055 idolo
1062 997 1202 1073 cogitare.

129 1079 214 1138 Pium
246 1096 308 1136 esse
340 1080 452 1152 putant,
489 1074 605 1132 Rationi
635 1079 665 1132 et
695 1075 811 1151 proprio
830 1076 937 1153 judicio
958 1076 1031 1135 nihil
1051 1078 1148 1151 fidere,
1171 1082 1203 1137 at

129 1159 260 1235 impium,
295 1158 331 1215 de
362 1157 418 1214 fide
439 1175 538 1213 sorum
560 1154 700 1225 dubitare,
723 1155 773 1230 qui
794 1156 876 1214 nobis
897 1156 1000 1215 Libros
1022 1157 1125 1216 Sacros
1146 1162 1203 1216 tra·

130 1240 293 1309 dideruntp
316 1237 391 1311 quod
424 1235 537 1310 quidem
568 1254 648 1292 mera
679 1235 804 1293 stultitia
836 1240 892 1306 est,
924 1256 982 1294 non
1013 1237 1115 1312 pietas.
1138 1238 1202 1307 Sed,

128 1339 239 1394 quaeso,
272 1317 340 1392 quid
370 1336 419 1375 eos
452 1314 608 1374 sollicitat?
640 1315 707 1388 quid
729 1315 853 1374 timent?
874 1336 913 1374 an
934 1316 1047 1391 Religio
1068 1324 1097 1375 et
1118 1317 1204 1376 Fides

129 1398 247 1458 defendi
278 1417 335 1455 non
368 1400 497 1472 possunt,
525 1395 580 1453 nisi
600 1395 730 1453 homines
752 1397 821 1454 data
842 1416 930 1472 opera
952 1396 1047 1455 omnia
1067 1396 1204 1473 ignorent
1271 1398 1276 1408 '

130 1484 162 1538 et
192 1477 310 1537 Rationi
340 1495 459 1552 prorsus
491 1475 675 1533 valedicent?
696 1477 834 1551 profecto,
857 1476 881 1534 si
902 1478 957 1535 hoc
978 1478 1108 1547 credunt,
1130 1477 1201 1536 Scri·

131 1564 228 1635 pturae
249 1557 342 1632 magis
363 1556 466 1614 timent
487 1575 572 1631 quarn
593 1556 695 1614 fidunt.
719 1556 774 1614 Sed
794 1557 881 1630 longe
902 1557 986 1627 absit,
999 1558 1075 1633 quod
1090 1558 1203 1633 Religio

129 1644 162 1698 et
192 1639 287 1714 pietas
317 1637 479 1709 Rationem,
512 1640 563 1694 aut
594 1636 668 1710 quod
691 1636 776 1694 Ratio
798 1637 978 1711 Religionem
999 1637 1054 1696 sibi
1074 1638 1205 1696 ancillari

131 1719 212 1790 velit,
244 1723 274 1777 st
305 1718 380 1793 quod
414 1721 537 1791 utraque
568 1735 650 1773 suurn
682 1736 804 1791 regnum
835 1737 946 1775 summa
967 1737 1031 1776 cum
1052 1718 1205 1776 concordia

130 1799 264 1858 obtinere
284 1801 422 1872 nequeat3
445 1816 502 1871 qua
523 1796 558 1854 de
578 1815 610 1854 re
631 1796 738 1863 statim,
761 1817 826 1855 nam
848 1797 894 1855 hic
916 1802 985 1856 ante
1005 1798 1100 1857 omnia
1118 1798 1205 1857 istius

132 1879 238 1938 Rabini
268 1879 410 1953 Regulam
436 1876 604 1935 examinare
624 1876 702 1935 libet.
725 1877 764 1944 le,
786 1877 829 1935 uti
851 1877 983 1947 diximus,
1007 1880 1078 1949 vult,
1100 1899 1153 1936 nos
1173 1879 1203 1936 id

130 1979 226 2031 omne,
269 1959 346 2034 quod
378 1957 528 2032 Scriptura
562 1957 688 2014 affirmat
719 1963 770 2015 aut
801 1962 900 2032 negat,
933 1963 1071 2032 tanquam
1102 1979 1203 2016 verum

130 2039 276 2116 amplecti,
309 2039 359 2096 vel·
378 2042 516 2112 tanquam
537 2037 641 2094 falsum
662 2037 788 2112 rejicere,
811 2037 920 2096 teneri:
943 2038 1054 2105 deinde,
1078 2039 1203 2114 Scriptu-

131 2140 195 2179 ram
226 2135 373 2194 nunquam
405 2117 513 2193 aliquid
545 2117 690 2192 expressis
722 2117 818 2175 verbis
850 2118 995 2176 affirmare
1016 2119 1063 2176 vel
1085 2138 1202 2192 negare,

130 2199 310 2259 contrarium
341 2198 376 2268 ei,
408 2198 484 2272 quod
515 2197 545 2254 in
574 2197 630 2255 alio
651 2197 713 2255 loco
735 2197 891 2255 affirmavit
912 2199 958 2256 vel
979 2198 1107 2272 negavit.
1132 2199 1203 2268 Quae

131 2282 190 2339 duo
221 2300 307 2356 quam
338 2283 446 2336 temere
477 2277 555 2335 dicta
586 2277 652 2349 sint,
675 2274 758 2335 nemo
779 2277 915 2351 ignorare
936 2283 1041 2353 potest.
1064 2278 1138 2336 Nam
1160 2280 1205 2351 (ut

128 2362 191 2436 jam
233 2359 363 2418 omittam
394 2358 470 2433 quod
502 2377 560 2415 non
591 2356 836 2428 animadverterit,
869 2357 1047 2433 Scripturam
1080 2358 1203 2416 diversis

131 2440 214 2498 libris
256 2445 398 2510 constare,
442 2437 564 2497 diversis
594 2438 780 2513 temporibus
815 2437 936 2496 diversis
968 2438 1139 2507 bominibus,
1173 2444 1203 2503 et

131 2520 300 2596 denique-a
321 2517 443 2577 diversis
464 2517 634 2576 authoribus
654 2517 790 2594 scriptam
812 2538 888 2589 esse3
910 2523 972 2576 tum
993 2520 1047 2577 hoc
1068 2520 1220 2583 alterum,v

131 2601 209 2676 quod
230 2601 295 2659 haec
315 2619 352 2657 ex
372 2597 490 2674 propria
510 2598 695 2669 authoritate,
718 2602 747 2656 et
767 2600 890 2657 Ratione
910 2604 940 2657 et
962 2599 1110 2675 Scriptura
1132 2599 1205 2656 nihil

132 2683 192 2739 tale
223 2680 393 2749 dicentibus,
420 2682 543 2750 statuat)
565 2678 710 2737 debuisset
729 2679 805 2736 enim
827 2680 987 2748 ostendere,
1011 2680 1107 2737 omnia
1127 2680 1200 2749 loca,

132 2782 199 2837 quae
231 2781 288 2819 non
319 2759 374 2817 nisi
405 2771 468 2835 per'
487 2758 721 2834 consequentiam
753 2758 816 2817 aliis
845 2767 1020 2834 repugnant,
1052 2780 1136 2835 posse
1168 2779 1203 2818 ex

133 2845 240 2899 natura
267 2841 375 2914 linguae
404 2844 434 2898 et
454 2838 567 2897 ratione
587 2839 643 2897 loci
663 2840 809 2897 commode
830 2840 1025 2915 metaphorice
1048 2840 1205 2916 explicari;

133 2921 247 2989 deinde,
274 2921 451 2995 Scripturam
478 2919 514 2977 ad
536 2923 650 2977 nostras
671 2939 774 2976 manus
794 2919 991 2995 incorruptam
1013 2920 1135 2978 venisse.
1150 2920 1205 2978 Sed

133 3022 196 3060 rem
224 3001 324 3058 ordine
355 2999 565 3069 examinemus;
588 3004 618 3056 et
642 3000 755 3073 quidem
780 2999 857 3057 circa
876 3000 999 3074 primurn
1021 3020 1102 3074 roge,
1126 2999 1204 3075 quid,

134 3082 159 3140 si
191 3081 277 3139 Ratio
302 3081 460 3139 reclamet?
480 3099 518 3137 an
539 3079 723 3136 nihilominus
744 3084 875 3137 tenemur
895 3081 934 3145 id,
957 3081 1033 3154 quod
1055 3079 1205 3154 Scriptura

134 3163 261 3220 affirmat
300 3162 346 3219 vel
380 3164 478 3233 negat,
510 3164 649 3233 tanquam
681 3178 781 3216 verum
813 3160 955 3234 amplecti,
989 3160 1035 3216 vel
1066 3165 1206 3234 tanquam

133 3243 240 3300 falsum
271 3241 414 3315 rejicere?
445 3241 487 3297 At
518 3240 593 3297 forte
624 3240 719 3310 addet,
753 3238 824 3303 nihil
851 3238 882 3296 in
904 3239 1053 3314 Scriptura
1075 3239 1204 3314 reperiri,

134 3323 211 3397 quod
233 3321 351 3379 Raticni
372 3323 524 3396 repugnet.
546 3320 654 3377 Verum
676 3339 730 3393 ego
751 3319 837 3388 insto,
859 3319 951 3394 ipsam
972 3338 1109 3394 expresse
1130 3319 1205 3375 affir-

135 3422 216 3460 mare
238 3406 267 3459 et
289 3401 399 3470 docere,
422 3402 514 3457 Deum
536 3419 598 3457 esse
619 3401 783 3475 zelotypum
805 3400 919 3475 (nempe
940 3399 970 3457 in
988 3398 1206 3474 ipsoDecalogo

135 3489 165 3540 et
187 3483 279 3540 Exod.
303 3483 351 3540 34.
373 3502 416 3539 ve.
440 3482 486 3538 14.
509 3484 539 3538 et
562 3481 645 3538 Deut.
668 3482 695 3537 4.
719 3500 760 3537 ve.
785 3481 833 3537 24.
848 3484 877 3536 et
887 3479 1018 3554 pluribus
1029 3478 1092 3536 aliis
1106 3478 1204 3548 locis),

136 3563 218 3638 atqui
248 3563 304 3619 hcc
324 3561 442 3619 Rationi
464 3565 616 3634 repugnat.
638 3561 716 3634 Ergo
740 3559 924 3618 nihilominus
945 3565 1082 3634 tanquam
1105 3578 1205 3617 verum

134 3643 315 3718 ponendum;
356 3641 423 3714 ime,
456 3640 481 3698 si
511 3640 643 3714 quaedam
674 3640 705 3697 in
736 3640 885 3716 Scriptura
916 3641 1107 3716 reperiantur,
1142 3659 1205 3714 quae

136 3728 312 3799 supponant,
334 3723 426 3779 Deum
448 3741 505 3778 non
527 3740 590 3778 esse
604 3721 777 3795 zelotypum,
793 3741 827 3778 ea
838 3722 1000 3779 necessario
1012 3720 1207 3795 metaphorice

136 3808 236 3862 essent
256 3801 437 3877 explicanda,
459 3805 492 3858 ut
512 3800 584 3858 nihil
605 3802 663 3858 tale
684 3820 845 3876 supponere
867 3802 1029 3859 videantur.
1052 3801 1099 3859 Sic
1120 3799 1207 3858 etiam
