2662 4298
129 337 189 395 428
526 354 666 394 11111111
694 355 809 395 11111111.

128 525 213 599 quod,
235 523 296 582 eive
319 523 441 582 candide
462 523 532 581 mihi
553 523 662 600 aliquid
682 523 800 598 indicae,
825 524 892 583 sive
917 526 1015 598 celes,
1039 533 1217 587 meustamen

128 624 199 679 erga
219 608 249 661 te
270 605 392 662 affectus
413 603 582 662 immutatus
605 609 729 662 maneat.

168 684 306 742 Rationes
337 688 444 755 tamen,
476 704 528 742 cur
557 684 627 742 illud
658 684 822 760 specialiter
856 685 1047 760 desiderem,
1082 688 1129 746 hae
1150 697 1213 757 sunt,

128 765 203 838 quod
233 763 264 822 in
286 763 500 822 Mathematicis
524 784 638 840 semper
658 764 847 837 observarim,
873 767 960 840 quod
984 786 1044 824 nos
1066 787 1106 826 ex
1127 769 1213 844 quavis

127 865 158 903 re
189 845 218 902 in
251 863 283 902 se
314 844 505 914 considerata,
538 845 592 903 hoc
627 850 680 917 est,
713 864 750 903 ex
781 845 965 904 definitione
1001 848 1147 923 cujusque
1173 850 1212 915 rei,

127 924 242 982 unicam
263 925 364 982 saltem
386 924 592 1001 proprietatem
614 925 754 983 deducere
775 926 953 998 valeamus3
979 929 1063 1002 quod
1087 930 1212 987 11111111

128 1005 226 1080 plures
247 1005 440 1080 proprietates
461 1005 664 1075 desideremus
686 1025 803 1063 necesse
825 1025 901 1077 esse,
928 1011 967 1065 ut
990 1028 1057 1066 rem
1081 1009 1211 1068 definitam

128 1085 164 1143 ad
195 1084 252 1143 alia
273 1086 448 1144 referamus:
471 1091 541 1143 tunc
562 1085 701 1160 siquidem
723 1105 757 1144 ex
779 1087 1001 1161 conjunctione
1024 1089 1210 1148 definitionum

127 1165 231 1222 harum
263 1185 360 1224 rerum
392 1186 476 1225 novae
506 1165 699 1242 proprietates
729 1167 886 1225 resultant.
920 1168 984 1227 Ex.
1010 1189 1057 1243 gr.
1081 1170 1109 1228 si
1128 1170 1210 1228 circuli

128 1244 322 1320 peripheriam
354 1246 531 1305 considerem
563 1247 663 1316 solam,
696 1245 768 1304 nihil
799 1245 879 1304 aliud
902 1249 1094 1308 concludere
1115 1256 1208 1326 potero,

131 1345 216 1401 quam
248 1326 323 1402 quod
360 1326 464 1401 ubique
499 1326 553 1386 sibi
583 1325 683 1384 similis
716 1326 777 1384 sive
809 1326 972 1386 uniformis
1007 1330 1132 1401 existat,
1165 1351 1208 1406 qua

40 1457 42 1460 a
129 1405 242 1481 quidem
264 1405 442 1482 proprietate
470 1409 507 1464 ab
528 1406 659 1465 omnibus
680 1406 744 1464 aliis
763 1405 862 1465 curvis
875 1409 1099 1468 essentialiter
1119 1411 1207 1478 differt,

129 1506 182 1544 nec
211 1488 284 1545 ullas
315 1486 387 1544 alias
419 1506 547 1562 unquam
577 1491 678 1562 potero
708 1487 860 1545 duducere.
894 1488 1016 1548 Verum
1050 1491 1078 1549 si
1110 1491 1207 1550 adalia

128 1567 260 1634 referam,
283 1567 417 1625 nimirum
438 1568 474 1625 ad
496 1567 592 1626 radios
613 1587 648 1625 ex
671 1571 770 1625 centro
792 1567 946 1640 deductos,
972 1570 1012 1627 ad
1036 1571 1116 1629 duas
1132 1571 1206 1630 lineas

128 1666 191 1704 sese
222 1647 439 1718 interementes,
472 1652 523 1706 aut
550 1649 647 1722 plures
667 1667 788 1723 quoque,
809 1648 909 1722 plures
932 1650 1044 1725 utique
1067 1651 1138 1710 hinc
1155 1671 1219 1727 pro.

128 1726 269 1800 prietates
301 1728 445 1786 duducere
477 1729 589 1786 valebo.
613 1729 684 1798 Quae
706 1727 820 1803 quidem
840 1728 942 1803 aliquo
966 1732 1060 1789 modo
1084 1733 1205 1790 videntur

129 1806 277 1864 adversari
308 1808 394 1882 Prop.
429 1811 475 1867 16.
508 1808 634 1878 Ethices‚
667 1829 732 1883 quae
763 1806 913 1884 praecipua
946 1810 1014 1869 fere
1049 1817 1099 1870 est
1124 1813 1146 1871 1.
1166 1811 1203 1870 lib.

126 1885 168 1943 tui
189 1887 358 1959 Tractatus3
381 1887 411 1945 in
433 1908 490 1964 qua
506 1893 645 1964 tanquam
666 1893 766 1946 notum
788 1888 958 1963 assumitur,
982 1910 1078 1965 posse
1094 1912 1132 1950 ex
1148 1893 1203 1950 datu

127 1967 322 2043 cujuscunque
353 1967 396 2026 rei
427 1968 594 2027 definitione
624 1969 721 2044 plures
752 1967 949 2043 proprietates
984 1971 1113 2042 deduci3
1141 1972 1201 2048 quod

126 2047 195 2105 milri
217 2047 332 2106 videtur
353 2048 537 2124 impossibile,
559 2048 584 2107 si
605 2069 663 2108 non
682 2050 719 2107 ad
730 2048 788 2107 alia
798 2050 962 2107 referamus
973 2071 1040 2109 rem
1053 2053 1200 2118 definitam,

127 2133 156 2185 et
187 2129 262 2202 quod
293 2148 379 2204 porro
411 2128 513 2200 effecit,
546 2134 580 2187 ut
610 2149 668 2187 non
689 2128 796 2204 possim
816 2128 926 2198 videre,
950 2150 1014 2205 qua
1036 2134 1155 2191 ratione
1172 2152 1200 2190 11

126 2209 276 2266 Attributo
309 2209 403 2283 aliquo
435 2210 495 2267 solo
528 2209 718 2277 considerato,
741 2229 786 2267 ex.
810 2229 853 2283 gr.
875 2210 1066 2270 Extensione
1089 2213 1200 2271 infinita.

126 2308 276 2363 corporum
299 2290 426 2348 varietas
447 2310 604 2364 exsurgere
626 2289 732 2365 possit;
756 2290 800 2347 vel
822 2289 847 2346 si
857 2289 1014 2349 existimas
1025 2293 1087 2351 hoc
1100 2312 1218 2373 quoque.

126 2389 184 2426 non
214 2390 298 2444 posse
330 2370 460 2428 concludi
492 2390 528 2428 ex
560 2371 644 2429 unico
675 2371 735 2428 solo
769 2369 961 2439 considerate,
997 2373 1050 2430 sed
1076 2374 1199 2431 omnibus

127 2448 210 2506 simul
242 2451 372 2526 sumptis,
404 2452 506 2508 vellem
539 2452 593 2508 hoc
615 2451 727 2509 edoceri
747 2452 799 2508 abs
820 2455 858 2520 te,
880 2455 910 2508 et
931 2470 991 2525 qua
1014 2453 1135 2512 ratione
1155 2456 1198 2511 hoc

127 2529 342 2604 concipiendum
364 2533 448 2589 soret.
472 2532 554 2603 Vale,
577 2536 631 2591 etc.

158 2636 270 2692 Parisiis,
288 2637 317 2681 23
335 2638 393 2682 dun.
412 2637 477 2682 1616.

353 2977 568 3034 EPISTOLA
599 2977 754 3034 LXXXIII
786 2977 864 3048 (omn
881 2982 975 3049 1111111).

375 3104 557 3160 Nobiliscimo
579 3109 662 3177 alque
682 3103 851 3159 Doctissimo
878 3101 948 3158 Viro

286 3224 479 3282 EHRENFR.
508 3225 662 3284 WALTH.
685 3226 736 3282 DE
758 3224 1036 3285 TSCHIRNHAUS

587 3351 620 3409 B.
650 3370 678 3409 n.
701 3350 729 3408 S.

441 3477 596 3551 Responsio
617 3479 657 3534 ad
672 3479 886 3551 praecedentem.

246 3600 427 3658 Nobilis-sime
454 3602 515 3671 Vir,

168 3725 249 3794 Quod
271 3723 354 3799 petie,
376 3744 414 3782 an
436 3744 472 3781 ex
494 3726 553 3782 solo
575 3725 762 3783 Extensionis
782 3730 922 3801 conceptu
943 3745 1042 3784 rerum
1069 3729 1197 3787 varietas

128 3826 146 3863 a
167 3805 255 3881 priori
276 3804 366 3880 possit
388 3805 587 3876 demonstrari,
610 3807 694 3863 credo
716 3825 761 3863 me
780 3808 839 3882 jam
855 3806 925 3864 satis
936 3806 1013 3864 clare
1024 3810 1196 3878 ostendisse,
