2662 4298
518 336 657 374 srrsronn
679 336 805 375 Lxxvnr.
1141 316 1199 373 423
1228 380 1235 390 ,

127 501 217 577 ipsius
255 500 309 559 Dei
343 500 538 576 cognitionem
570 506 600 559 et
632 521 757 560 amorem
787 500 949 575 negaverit,
982 500 1112 575 quodque
1144 499 1201 576 ipsi

129 587 262 640 naturam
285 581 356 639 adeo
377 581 519 638 infirmam
542 581 663 653 dederit,
685 586 717 639 ut
734 581 906 656 cupiditates
920 600 988 638 suas
1002 599 1055 638 neo
1069 600 1201 638 coercere

128 682 181 719 nec
219 661 361 719 moderari
399 661 499 737 possit.
541 661 614 719 Nam
646 666 758 720 naturae
785 666 800 698 *
832 661 1026 736 cujuscunque
1057 659 1099 718 rei
1130 660 1202 718 nihil

128 742 206 801 aliud
238 741 375 816 competit
406 761 492 818 quam
514 741 551 812 id,
574 743 649 817 quod
671 762 706 800 ex
728 742 797 800 data
817 741 908 817 ipsius
929 760 1017 799 causa
1039 740 1201 799 necessario

129 822 268 899 sequitur.
301 822 383 891 Quod
413 826 508 879 autem
537 824 683 880 naturae*
705 821 977 897 uniuscujusque**
999 819 1122 878 hominis
1143 840 1201 878 non

129 907 281 977 competat,
314 906 347 959 ut
378 901 473 959 annno
506 901 576 959 forti
603 902 649 972 sit,
672 907 701 960 et
722 903 798 976 quod
818 902 849 959 in
870 906 971 959 nostra
992 904 1137 976 potestate
1152 904 1201 971 *a*

128 1003 187 1040 non
218 981 311 1056 magis
342 981 389 1052 sit,
422 982 533 1056 Corpus
565 1002 675 1053 sanum,
707 1002 792 1058 quam
813 983 940 1040 Mentem
962 1000 1063 1039 sanam
1085 981 1199 1050 habere,

129 1081 239 1137 negare
260 1081 343 1119 nemo
364 1066 470 1137 potest,
492 1062 548 1120 nisi
570 1062 617 1137 qui
638 1067 697 1120 tam
720 1062 929 1138 experientiam
949 1081 1033 1136 quam
1048 1060 1202 1119 Rationem

129 1162 237 1217 negare
268 1142 348 1200 velit.
384 1143 434 1213 At,
466 1143 567 1210 instas,
600 1143 624 1200 si
656 1142 786 1200 homines
818 1162 856 1200 ex
888 1146 1000 1200 naturae
1029 1141 1202 1199 necessitate

128 1226 260 1298 peccant,
282 1226 350 1279 sunt
372 1242 441 1296 ergo
463 1223 660 1295 excusabiles;
682 1243 735 1281 nec
756 1223 831 1298 quod
853 1222 919 1279 inde
934 1222 1105 1280 concludere
1119 1221 1200 1292 velis,

130 1302 273 1378 explicas3
302 1322 339 1360 an
361 1303 469 1360 scilicet
491 1304 566 1378 quod
588 1304 666 1361 Deus
687 1303 717 1360 in
738 1323 787 1360 eos
807 1303 893 1360 irasci
914 1306 1049 1378 nequeat,
1072 1321 1110 1358 an
1130 1321 1200 1360 vero

129 1383 205 1458 quod
231 1382 420 1453 beatitudine,
449 1384 504 1441 hoc
524 1388 569 1440 est
589 1383 643 1441 Dei
665 1383 829 1458 cognitione
850 1387 880 1440 et
901 1402 1007 1451 amore,
1030 1380 1110 1455 digni
1132 1381 1198 1439 sint.

131 1464 196 1534 Sed,
230 1463 254 1520 si
281 1463 404 1538 primum
430 1468 525 1538 putas,
548 1463 663 1521 omnino
686 1465 819 1536 concedo,
842 1463 933 1521 Deum
956 1482 1014 1520 non
1034 1461 1128 1532 irasci,
1150 1462 1201 1520 sed

130 1542 227 1601 omnia
248 1562 285 1600 ex
305 1542 397 1618 ipsius
417 1543 563 1601 sententia
584 1543 662 1614 fieri;
685 1548 716 1601 at
737 1563 820 1618 nego,
843 1544 918 1618 quod
940 1547 1202 1618 proptereaomnes

129 1622 208 1681 beati
237 1642 299 1681 esse
329 1623 468 1681 debeant:
496 1629 618 1698 possunt
647 1623 753 1699 quippe
778 1623 908 1681 homines
929 1622 1108 1680 excusabiles
1129 1642 1200 1693 esse,

130 1709 161 1761 et
191 1701 377 1760 nihilominus
409 1703 588 1761 beatitudine
624 1723 732 1775 carere,
765 1708 794 1761 et
824 1703 922 1761 multis
952 1702 1044 1760 modis
1071 1702 1201 1761 cruciari.

130 1784 184 1841 Est
214 1783 289 1841 enim
318 1803 408 1858 equus
435 1784 616 1855 excusabilis
646 1784 720 1858 quod
748 1804 839 1859 equus
860 1789 890 1842 et
910 1804 968 1841 non
989 1784 1074 1840 homo
1096 1782 1149 1854 sit;
1172 1787 1203 1840 at

130 1863 316 1921 nihilominus
337 1883 426 1938 equus
447 1869 476 1921 et
497 1884 553 1922 non
576 1866 661 1922 homo
683 1884 746 1922 esse
767 1865 860 1922 debet.
884 1863 939 1933 Qui
960 1882 997 1921 ex
1011 1883 1108 1920 morsu
1122 1862 1202 1921 canis

130 1943 210 2013 furit,
234 1943 418 2001 excusandus
439 1944 554 2019 quidem
576 1949 628 2012 est,
651 1949 680 2002 et
701 1951 798 2003 tamen
819 1945 884 2019 jure
905 1944 1070 2002 suffocatur.
1093 1943 1131 2000 Et
1152 1942 1203 2018 qui

131 2023 256 2098 denique
279 2023 452 2098 cupiditates
472 2045 540 2082 suas
560 2044 670 2099 regere,
694 2030 723 2083 ct
737 2030 816 2082 metu
830 2025 926 2099 legum
941 2023 1055 2082 easdem
1070 2033 1202 2081 coercere

130 2104 241 2179 nequit,
275 2103 407 2178 quamvis
439 2105 525 2162 etiam
559 2107 595 2162 ob
625 2104 822 2163 infirmitatem
855 2103 1037 2162 excusandus
1068 2103 1114 2173 sit,
1143 2123 1202 2160 non

130 2188 228 2259 potest
259 2187 356 2241 tamen
385 2184 473 2242 animi
494 2184 714 2260 acquiescentia,
736 2185 847 2261 Deique
868 2183 1032 2259 cognitione
1054 2188 1083 2240 et
1103 2202 1200 2241 amore

131 2263 197 2334 frui,
220 2264 270 2321 sed
291 2264 453 2322 necessario
474 2265 559 2339 perit.
581 2264 681 2341 Neque
702 2265 749 2323 hic
770 2285 887 2323 necesse
909 2283 972 2323 esse
992 2268 1199 2340 putomonere,

131 2345 208 2419 quod
234 2343 392 2419 Scriptura,
416 2346 563 2420 quando†
585 2345 634 2418 ait,
658 2346 749 2403 Deum
770 2345 800 2403 in
821 2349 987 2421 peccatores
1007 2342 1101 2413 irasci,
1124 2363 1200 2401 eum·

131 2443 188 2499 que
206 2423 330 2499 judicem
352 2444 423 2496 esse,
446 2425 495 2500 qui
517 2426 552 2483 de
574 2426 721 2484 hominum
741 2425 902 2484 actionibus
916 2423 1072 2499 cognoscit,
1088 2423 1200 2495 statuit,

131 2509 161 2562 et
192 2503 302 2580 judicat
325 2509 371 2577 tt,
401 2525 481 2563 more
508 2506 634 2564 humano
659 2511 689 2564 et
709 2507 866 2564 secundum
887 2509 1019 2580 receptas
1040 2503 1121 2578 vulgi
1142 2503 1200 2579 opi·

131 2584 233 2642 niones
265 2585 408 2659 loquatur,
442 2585 509 2660 quia
539 2586 629 2661 ipsius
659 2585 802 2645 intentum
835 2605 893 2643 non
919 2589 964 2643 est
985 2583 1199 2660 Philosophiam

131 2665 243 2735 docere,
265 2684 318 2723 nec
339 2665 469 2723 homines
490 2667 599 2735 doctae,
622 2667 671 2725 sed
693 2669 927 2742 obtemperantes
949 2665 1069 2722 reddere
1084 2667 1149 2736 †l,†.

173 2745 236 2814 Quo
256 2749 429 2820 praeterea§
451 2751 536 2821 pacto
557 2746 667 2820 videar,
689 2767 725 2805 ex
747 2767 790 2818 eo,
813 2747 889 2822 qnod
911 2745 1048 2803 miracula
1070 2749 1099 2802 et
1120 2744 1199 2819 igno·

131 2824 257 2882 rentiam
278 2845 331 2900 pro
353 2826 603 2901 aequipollentibus
624 2827 803 2902 sumpserim,
826 2826 985 2902 potentiam
1000 2824 1054 2883 Dei
1069 2830 1098 2882 et
1112 2823 1201 2882 homi·
1230 2869 1233 2872 Α

131 2924 200 2962 num
222 2904 372 2963 scientiam
394 2906 495 2964 iisdem
517 2906 622 2965 finibus
643 2908 821 2978 concludere,
844 2926 902 2964 non
923 2905 1015 2964 video.

172 2984 314 3043 Caeterum
347 2984 474 3045 Christi'
487 2987 658 3062 passionem,
691 2992 822 3058 mortem,
851 2991 881 3044 et
908 2985 1084 3060 sepulturam
1106 2986 1208 3044 tecum

131 3065 284 3123 literaliter
308 3065 430 3141 accipio,
451 3067 513 3141 ejus
534 3071 630 3126 autem
652 3067 890 3126 resurrectionem
912 3065 1073 3140 allegorice.
1095 3065 1203 3124 Fateor

132 3144 255 3220 quidem,
288 3147 364 3204 hanc
395 3146 482 3204 etiam
504 3150 540 3205 ab
562 3147 760 3223 Euangelistis
779 3147 815 3205 iis
836 3146 949 3205 narrari
969 3144 1201 3217 circumstantiis,

132 3229 166 3282 ut
197 3244 306 3300 negare
332 3247 391 3285 non
412 3227 564 3302 possimus,
586 3228 664 3303 ipsos
684 3227 888 3303 Euangelistas
909 3225 1072 3300 credidisse,
1094 3226 1202 3285 Christi

133 3325 238 3380 corpus
259 3307 450 3365 resurrexisse
472 3312 501 3366 et
522 3309 558 3366 ad
580 3309 682 3367 coelum
704 3307 895 3377 adscendisse,
910 3313 943 3365 ut
957 3307 993 3364 ad
1004 3306 1058 3364 Dei
1070 3307 1201 3365 dextram

132 3385 262 3456 sederet;
292 3391 322 3444 et
350 3388 425 3462 quod
451 3389 487 3446 ab
516 3387 679 3446 infidelibus
706 3389 792 3446 etiam
814 3388 955 3463 potuisset
976 3386 1078 3458 videri,
1099 3386 1122 3444 si
1144 3406 1203 3445 una

131 3465 161 3522 in
193 3465 229 3523 iis
264 3465 335 3524 locis
361 3470 394 3539 ’ἐξ
428 3467 596 3539 adfuissent,
629 3469 659 3526 in
691 3469 794 3545 quibus
821 3469 883 3544 ipse
904 3467 1036 3527 Christus
1056 3466 1203 3541 discipulis

165 3679 175 3696 ⁴
193 3679 236 3724 G.:
255 3679 288 3724 ud
305 3685 431 3726 naturam.
549 3683 570 3702 ⁶*
587 3682 631 3727 G.:
648 3684 770 3741 cupasque.
882 3682 920 3740 *„*
938 3684 981 3728 G.:
999 3684 1025 3726 in
1038 3687 1089 3740 pot.
1106 3686 1202 3726 nostra.

164 3744 177 3790 †
194 3741 238 3787 G.:
256 3743 320 3800 quod
336 3743 435 3800 qrrando
451 3744 588 3801 reamare.
715 3748 741 3800 ††
759 3747 802 3791 G.:
815 3746 914 3802 judicat
931 3750 952 3789 et
969 3746 1064 3789 statuit.

165 3804 211 3861 ll'l
228 3804 270 3850 G.:
288 3806 377 3862 farere.
489 3805 563 3865 §G.:
576 3813 717 3865 propterea.
825 3809 854 3867 ἐξ
873 3807 916 3852 G.:
935 3807 967 3852 lie
983 3807 1010 3849 in
1028 3805 1092 3849 loeis.
