2662 4298
544 339 684 378 arrsrouu
705 341 775 380 Lxx.
1136 325 1198 382 407

129 507 179 584 qui
210 507 273 583 ejus
304 507 393 565 filiurn
424 506 455 564 in
486 506 701 565 Mathematicis
731 506 898 577 instrueret,
932 507 1034 583 quodsi
1060 509 1199 584 ejusmodi

129 587 254 646 conditio
287 587 313 645 ci
343 586 496 657 arrideret,
517 606 581 645 eam
603 591 792 662 compararet,
815 588 851 645 ad
873 607 936 662 quae
956 587 1062 646 Noster
1083 589 1198 665 aliquod

129 667 274 726 dilationis
285 672 399 742 tempus
409 671 520 741 petens,
532 667 650 724 tandem
661 687 692 725 se
703 672 866 742 promptum
878 668 1087 728 declaraverat.
1102 670 1199 728 Rediit

128 748 227 823 itaque
247 747 401 822 Hugenius
421 767 486 805 cum
507 766 654 822 response,
676 749 751 822 quod
773 748 822 806 D0.
844 747 961 806 Oolbert
974 747 1031 806 ista
1041 750 1199 824 propositio

129 828 253 886 maxime
263 827 428 903 placuisset,
440 827 602 902 praesertim
617 847 681 885 cum
693 847 730 885 ex
741 827 886 903 imperitia
894 828 1002 902 linguae
1011 827 1128 888 Gallicae
1137 831 1199 906 ejus
1265 875 1267 881 ,

128 908 218 967 filium
242 908 345 966 Latine
359 907 466 982 alloqui
479 907 634 966 tenebitur.
656 908 703 965 Ad
716 907 881 983 nuperrime
891 909 998 966 factam
1009 909 1199 984 objectionem

128 989 291 1064 respondet,
313 1007 405 1062 pauca
425 988 475 1045 illa
495 990 594 1058 verba,
617 1008 682 1063 quae
701 988 784 1061 jussu
805 987 922 1046 Domini
942 988 1123 1064 scripseram,
1144 990 1199 1066 ipsi

129 1088 243 1126 sensum
264 1067 393 1126 intimius
414 1067 569 1143 aperuisse,
592 1088 679 1142 seque
700 1069 815 1126 easdem
837 1068 1028 1143 cogitationes
1043 1070 1103 1144 jam
1114 1072 1198 1129 modo

128 1148 236 1207 fovisse
257 1148 498 1223 (quandoquidem
520 1148 598 1206 hisce
620 1148 731 1207 duobus
751 1148 843 1206 modis
867 1148 1087 1223 explicationem
1099 1151 1199 1225 praeci·

129 1249 184 1303 pue
216 1229 392 1300 admittant),
425 1229 500 1303 quod
527 1248 596 1286 vero
617 1248 681 1286 eam
703 1248 769 1304 quae
790 1247 883 1304 nuper
903 1229 934 1286 in
955 1229 1116 1304 objectione
1136 1236 1199 1289 erat

129 1314 274 1378 contenta,
311 1313 427 1367 secutus
460 1309 557 1376 fuerit,
595 1309 659 1366 duae
691 1313 845 1383 sequentes
875 1310 1031 1367 effecerant
1061 1311 1198 1382 rationes,

83 1428 87 1435 ·
129 1408 250 1463 quarum
281 1389 384 1463 prima,
407 1389 482 1464 quod
504 1388 559 1447 sibi
580 1388 652 1446 alias
672 1388 826 1446 videantur
847 1389 996 1447 adversari
1016 1409 1097 1464 prop.
1120 1393 1147 1449 5.
1170 1396 1199 1449 et

131 1471 168 1539 7.,
199 1469 248 1527 lib.
277 1469 338 1526 2di:
360 1469 396 1526 Iu
417 1468 511 1543 prima
531 1489 559 1526 n.
582 1469 684 1526 harum
706 1469 854 1539 statuitur,
876 1470 978 1527 Ideata
999 1489 1061 1528 esse
1082 1490 1199 1529 causam

128 1550 258 1607 idearum
279 1548 459 1619 efficientem,
479 1550 554 1623 quod
569 1554 666 1606 tamen
681 1569 734 1624 per
748 1549 1021 1608 demonstrationem
1032 1550 1200 1625 posterioris

129 1629 246 1687 videtur
277 1629 371 1687 evinci
402 1633 521 1704 propter
552 1628 672 1686 citatum
704 1629 820 1688 axioma
851 1631 879 1687 4.
911 1649 939 1704 p.
970 1631 1013 1700 1.;
1035 1630 1090 1688 Vel
1111 1632 1200 1707 (quod

130 1709 200 1766 mihi
230 1709 329 1784 potius
359 1710 530 1784 persuadeo)
562 1709 784 1784 applicationem
815 1710 901 1785 hujus
932 1709 1085 1768 axiomatis
1113 1711 1200 1786 juxta

131 1789 271 1848 Authoris
291 1789 435 1847 intentum
456 1809 514 1847 non
535 1793 613 1847 recte
634 1789 763 1860 instituo,
785 1791 861 1864 quod
882 1810 952 1848 sane
973 1790 1149 1865 perlibenter
1162 1795 1199 1851 ab

128 1869 200 1944 ipso,
234 1869 258 1927 si
289 1869 407 1945 negotia
435 1870 497 1943 ejus
524 1870 637 1939 ferant,
656 1870 842 1945 perciperem.
865 1869 1004 1939 Secunda,
1028 1871 1199 1945 quominus

128 1949 287 2008 exhibitam
310 1949 531 2025 explicationem
552 1969 696 2024 sequerer,
718 1969 806 2007 causa
826 1949 890 2020 fuit,
913 1951 987 2025 quod
1009 1951 1065 2008 hac
1087 1951 1199 2010 ratione

128 2029 312 2088 Attributum
344 2029 529 2104 cogitationis
550 2049 581 2087 se
601 2030 692 2087 multo
712 2029 800 2087 latius
821 2049 906 2104 quam
928 2029 1070 2088 attributa
1091 2036 1199 2090 caetera

127 2111 286 2168 extendere
323 2115 489 2179 statuatur;
529 2130 594 2167 cum
632 2129 700 2168 vero
738 2111 962 2185 unumquodque
992 2110 1198 2170 attributorum

127 2190 290 2248 Essentiam
322 2190 376 2248 Dei
406 2189 573 2260 constituat,
605 2210 663 2247 non
693 2189 777 2248 video
808 2209 887 2256 sane,
918 2211 975 2267 qua
1002 2191 1115 2249 ratione
1143 2193 1198 2250 hoc

128 2270 195 2328 huic
233 2290 292 2329 non
330 2270 532 2328 contrarietur.
574 2270 638 2328 Hoc
669 2271 771 2328 saltem
802 2270 921 2345 insuper
952 2271 1053 2341 dicam,
1086 2271 1110 2328 si
1142 2272 1199 2330 alia

126 2350 251 2425 Ingenia
272 2370 309 2409 ex
329 2370 393 2408 meo
411 2350 541 2425 judicare
561 2350 656 2420 liceat,
678 2350 889 2425 propositiones
911 2353 937 2410 7.
960 2356 989 2409 et
1010 2352 1088 2409 gram
1107 2351 1157 2412 lib.
1170 2354 1197 2411 2.

126 2431 281 2489 admodum
312 2431 467 2489 difficulter
497 2430 675 2489 intellectum
703 2430 747 2502 iri,
776 2430 862 2506 idque
888 2431 1023 2490 nonalia
1045 2433 1080 2490 de
1101 2452 1197 2503 causa,

127 2530 214 2585 quam
245 2510 312 2586 quia
343 2510 469 2569 Authori
496 2510 606 2586 placuit
626 2511 703 2584 (cum
724 2531 782 2568 non
804 2510 941 2580 dubitem,
964 2513 1041 2588 quod
1061 2511 1116 2587 ipsi
1137 2517 1198 2571 tam

126 2591 221 2666 planae
242 2591 361 2650 fuerunt
380 2591 464 2665 visae)
487 2591 748 2649 demonstrationes
768 2591 803 2649 iis
824 2591 976 2665 adjunctas
991 2597 1050 2650 tam
1062 2592 1199 2651 brevibus

127 2675 158 2729 et
195 2691 253 2728 non
291 2671 442 2730 verbosius
478 2671 629 2746 explicatis
663 2671 823 2747 complecti.
857 2672 957 2730 Refert
986 2677 1136 2748 praeterea,
1168 2694 1199 2732 se

127 2751 247 2810 Parisiis
267 2751 413 2810 invenisse
432 2752 533 2810 Virum
544 2751 699 2827 insigniter
710 2753 863 2822 eruditum,
874 2751 961 2827 inque
972 2753 1061 2811 variis
1071 2753 1200 2812 scientiis

126 2831 356 2890 versatissimum
378 2837 411 2890 ut
431 2836 461 2890 ot
482 2852 499 2889 a
519 2831 690 2906 vulgaribus
704 2832 871 2906 Theologiae
882 2833 1058 2907 praejudiciis
1067 2833 1198 2905 liberum,

126 2911 245 2969 Leibniz
277 2913 463 2988 appellatum,
493 2931 615 2988 quocum
643 2912 870 2970 familiaritatem
891 2913 1038 2970 contraxit
1057 2912 1197 2985 intimam,

127 3011 192 3049 cum
225 2991 263 3050 sit
293 2993 463 3066 subjectum,
492 2993 567 3066 quod
588 3011 647 3049 una
668 3011 732 3049 cum
754 3011 787 3049 eo
808 2991 972 3050 intellectus
992 2993 1199 3068 perfectionem

127 3071 298 3130 continuare
318 3072 471 3142 allaborat,
493 3072 550 3130 imo
571 3073 626 3129 hoc
646 3071 709 3146 ipso
723 3071 795 3129 nihil
805 3071 906 3129 melius
917 3072 1050 3140 aestimat,
1062 3072 1199 3132 utiliusve

128 3156 236 3210 censet.
268 3153 303 3209 In
333 3153 492 3211 Moralibus
521 3172 594 3223 eum,
622 3151 725 3226 inquit,
752 3170 815 3210 esse
843 3152 1122 3223 exercitatissimum,
1151 3153 1200 3229 qui

130 3231 192 3289 sine
216 3233 273 3291 ullo
295 3233 450 3291 affectuum
470 3232 580 3307 impetu
602 3251 638 3290 ex
659 3232 720 3290 solo
741 3231 873 3291 Rationis
894 3231 1047 3290 dictamine
1063 3233 1198 3308 loquitur.

126 3311 162 3368 In
202 3312 346 3388 Physicis,
386 3317 415 3371 ct
445 3312 607 3388 praesertim
638 3311 848 3387 Metaphysicis
878 3312 982 3370 studiis
1012 3313 1047 3371 de
1078 3314 1139 3371 Deo
1171 3319 1201 3371 ct

130 3391 247 3465 Anima,
279 3392 384 3468 pergit,
416 3392 496 3450 illum
527 3412 590 3450 esse
621 3392 862 3467 expertissimum.
891 3393 1019 3450 Tandem
1044 3394 1197 3464 concludit,

128 3488 193 3530 eum
216 3492 280 3531 esse
301 3472 509 3547 dignissimum,
532 3472 577 3531 cui
598 3472 707 3547 scripta
727 3472 850 3541 Domini,
868 3491 1004 3531 concessa
1013 3472 1093 3548 prius
1104 3473 1198 3543 venia,

127 3553 386 3623 communicentur,
409 3573 473 3611 cum
495 3554 603 3624 credat,
617 3554 692 3628 quod
703 3552 829 3611 Authori
839 3572 977 3626 magnum
988 3548 1200 3628 inde'provenit

127 3633 319 3703 commodum,
347 3637 434 3708 prout
461 3633 574 3708 prolixe
602 3634 754 3691 ostendere
781 3631 925 3708 promittit
952 3632 976 3690 si
1002 3633 1198 3691 Dominationi

126 3713 196 3771 Tuae
228 3712 257 3771 id
288 3713 446 3788 placuerit;
473 3714 518 3771 sin
540 3733 609 3771 vero
630 3713 733 3783 minus,
755 3713 864 3771 nullum
886 3717 1002 3771 moveat
1022 3713 1197 3788 scrupulum,

126 3792 196 3866 quin
224 3793 310 3868 juxta
342 3795 439 3852 datam
470 3795 553 3852 fidem
582 3793 709 3869 ingenue
735 3813 770 3851 ea
796 3793 834 3850 eit
854 3793 1008 3866 celaturus,
1030 3793 1073 3852 uti
1093 3812 1130 3851 ne
1151 3792 1198 3850 vel
