2662 4298
544 353 684 393 urisroua
704 353 777 392 xnu.
1140 339 1198 396 337

130 542 195 581 esse
226 521 387 596 profitctur.
420 520 476 578 Sed
507 521 638 592 1111111,
670 519 802 596 speciem,
835 521 963 579 ordinem
994 522 1095 581 mundi
1114 524 1199 598 plane

129 601 326 661 necessarium
347 600 460 672 statuit,
483 621 566 677 aeque
587 621 621 659 ac
642 601 695 659 Dei
716 605 859 673 naturam,
875 606 905 659 et
915 606 1040 661 aeternas
1050 603 1198 675 veritates,

129 703 203 758 quas
236 687 320 740 extra
351 680 405 738 Dei
436 681 587 739 arbitrium
618 681 792 739 constitutas
823 701 885 739 esse
916 683 995 753 vult3
1025 682 1091 741 ideo
1112 683 1199 742 etiam

128 763 236 821 diserte
257 760 438 837 pronunciat,
460 761 557 819 omnia
576 761 716 820 indomita
726 761 900 819 necessitate
910 763 1028 838 fatoque
1038 762 1199 822 inevitabili

128 843 255 901 evenire.
287 842 325 899 Et
345 841 458 912 statuit,
481 862 528 900 res
548 846 626 900 recte
647 841 826 917 putantibus
848 842 1004 917 praeceptis
1021 847 1109 919 atque
1120 864 1200 902 man·

129 923 207 980 datis
227 922 338 980 nullum
358 920 497 997 relinqui,
519 921 614 980 locum
625 923 675 980 sed
686 921 834 979 hominum
847 922 1043 996 ignorantiam
1053 923 1198 982 invexisse

129 1004 215 1061 simul
245 1001 409 1076 hujusmodi
432 1001 558 1074 nomina,
581 1002 819 1077 quemadmodum
840 1002 922 1077 vulgi
940 1003 1085 1078 imperitia
1105 1005 1199 1062 locum

127 1083 199 1140 fecit
229 1082 321 1140 modis
351 1081 496 1157 loquendi,
529 1081 634 1159 quibus
664 1083 725 1140 Dec
761 1083 882 1140 affectus
912 1083 1089 1142 tribuuntur.
1120 1085 1200 1142 Deus

128 1164 229 1238 itaque
259 1162 369 1237 pariter
399 1162 435 1219 ad
469 1166 585 1237 captum
617 1162 741 1220 hominis
771 1181 835 1220 sese
855 1164 1061 1235 accommodat,
1084 1165 1199 1239 quando

128 1244 194 1300 illas
232 1247 357 1300 aeternas
390 1241 539 1313 veritates
572 1248 601 1301 et
632 1242 752 1318 reliqua,
788 1263 854 1318 quae
886 1243 1049 1302 necessario
1084 1245 1200 1302 evenire

129 1325 244 1393 debent,
266 1343 318 1399 per
338 1323 460 1380 formam
480 1322 611 1381 mandati
632 1322 795 1381 hominibus
816 1323 943 1399 exponit.
966 1324 1124 1399 Docetquc,
1139 1328 1200 1382 tam

129 1423 248 1461 necesse
269 1422 340 1472 esse,
366 1422 409 1472 ea,
432 1422 497 1477 quae
518 1403 632 1477 legibus
651 1403 831 1478 imperantur
852 1408 881 1461 et
895 1404 1042 1462 hominum
1056 1405 1201 1462 voluntati

129 1486 296 1541 substracta
316 1502 379 1541 esse
400 1487 549 1556 putantur,
573 1483 698 1555 evenire,
721 1503 806 1559 quam
828 1485 992 1542 necessaria
1007 1489 1051 1542 est
1062 1484 1201 1559 trianguli

129 1568 245 1635 natura,
274 1567 363 1639 atque
390 1562 454 1620 ideo
475 1563 533 1634 illa,
556 1583 619 1638 quac
639 1563 792 1640 praeceptis
813 1564 1007 1634 continentur,
1029 1584 1087 1622 non
1107 1565 1201 1639 magis

130 1647 167 1701 ab
199 1643 323 1700 hominis
353 1643 505 1701 voluntate
536 1644 671 1718 pendcre,
693 1648 744 1702 aut
765 1663 801 1702 ex
822 1662 921 1702 eorum
942 1645 1013 1719 fuga
1034 1649 1085 1703 aut
1105 1659 1202 1721 prose=

103 1784 110 1803 ÷
130 1723 246 1782 cutione
277 1723 384 1797 aliquid
414 1723 482 1781 boni
503 1729 553 1782 111
574 1724 642 1782 mali
662 1724 825 1782 hominibus
845 1725 1003 1799 procurari,
1026 1744 1113 1800 quam
1133 1745 1200 1800 pre·

129 1804 210 1862 cibus
241 1804 296 1861 Dei
326 1804 506 1861 voluntatem
537 1803 623 1874 flecti,
656 1811 707 1863 aut
738 1811 849 1862 aeterna
876 1809 964 1880 atque
984 1806 1116 1863 absoluta
1138 1807 1199 1880 ejus

128 1885 246 1942 decreta
273 1883 389 1942 mutari.
410 1883 628 1959 Praeceptcrum
648 1884 747 1961 itaque
768 1889 855 1959 atque
876 1885 1057 1943 decretorum
1078 1887 1199 1943 eandem

128 1964 271 2022 rationem
300 1983 371 2037 esse,
393 1967 480 2037 atque
501 1963 532 2021 in
552 1965 607 2022 hoc
627 1965 790 2034 convenire,
813 1965 889 2039 quod
911 1965 1036 2023 hominis
1055 1964 1200 2040 imperitia

128 2049 217 2120 atque
247 2043 415 2118 ignorantia
446 2044 539 2102 Deum
568 2044 701 2113 moverit,
733 2049 767 2102 ut
791 2063 888 2102 eorum
909 2064 979 2103 usus
999 2044 1103 2121 aliquis
1124 2051 1200 2104 esset

127 2125 205 2200 apud
237 2144 294 2195 eos,
327 2123 376 2199 qui
406 2123 594 2198 perfectiores
625 2125 660 2182 de
691 2126 752 2182 Deo
782 2124 974 2198 cogitationes
994 2125 1119 2183 formare
1141 2145 1198 2183 non

126 2209 257 2280 possunt,
291 2204 396 2280 quique
427 2204 591 2278 hujusmodi
617 2203 730 2262 miseris
750 2204 894 2280 praesidiis
913 2204 1046 2278 indigent
1067 2205 1103 2262 ad
1124 2205 1198 2263 exci-

126 2285 248 2343 tandum
269 2284 300 2342 in
320 2304 351 2342 se
372 2284 489 2342 virtutis
510 2284 636 2342 studium
658 2289 687 2342 et
707 2285 843 2343 vitiorum
858 2284 970 2354 odium;
987 2284 1199 2343 etideovidcre

125 2365 202 2435 licet,
234 2370 380 2422 auctorem
412 2364 520 2422 nullam
551 2364 726 2423 mentionem
756 2365 787 2423 in
812 2385 863 2424 suo
884 2365 992 2440 scripto
1013 2365 1109 2423 facere
1130 2372 1199 2423 11111

126 2465 254 2521 precum,
285 2444 523 2519 quemadmodum
544 2465 598 2503 nec
618 2445 688 2503 vitae
710 2465 763 2504 nec
783 2445 893 2515 mortis,
915 2464 1008 2520 neque
1030 2445 1199 2521 cujusquam

128 2525 369 2584 remunerationis
399 2529 451 2583 aut
481 2544 585 2600 pcenae,
619 2525 723 2601 quibus
754 2525 886 2601 ajudice
907 2524 1036 2584 universi
1056 2525 1200 2584 afficiendi

128 2611 196 2664 sunt
217 2606 356 2664 homines.

168 2686 260 2761 quue
290 2685 361 2744 facit
382 2690 576 2760 congruenter
596 2685 656 2744 suis
676 2685 840 2762 principiis3
862 2684 1015 2760 namquis
1035 2685 1115 2744 locus
1136 2705 1199 2744 esse

129 2772 225 2842 potest
254 2766 361 2841 judicio
383 2771 523 2836 extreme,
545 2772 597 2824 aut
617 2786 683 2842 quae
705 2767 870 2841 expectatio
890 2766 1001 2842 praemii
1021 2771 1072 2825 aut
1092 2786 1197 2842 poenae,

131 2847 246 2922 quando
267 2848 328 2904 lato
350 2847 446 2904 omnia
467 2846 679 2918 adscribuntur,
701 2852 731 2905 et
744 2846 905 2906 inevitabili
919 2845 1092 2904 necessitate
1104 2846 1200 2904 omnia

130 2947 148 2984 a
178 2928 241 2984 Deo
273 2945 408 2983 emanare
439 2926 587 2997 statuitur,
612 2928 660 2986 vel
679 2926 785 3003 potius
808 2928 924 3003 quando
945 2930 1038 2985 totum
1059 2926 1114 2984 hcc
1134 2926 1199 2984 uni-

129 3026 246 3065 versum
274 3008 367 3064 Deum
395 3025 458 3064 esse
479 3007 603 3065 statuit?
624 3007 698 3065 Nam
719 3026 822 3066 vereor
842 3027 879 3065 ne
900 3011 1000 3064 noster
1019 3010 1121 3064 auctor
1141 3026 1200 3063 non

129 3087 283 3144 admodum
305 3085 416 3144 alicnus
436 3085 475 3144 111
495 3088 532 3144 ab
553 3087 603 3145 illa
623 3087 784 3159 senteutia;
806 3088 908 3145 saltem
930 3085 1200 3160 nonlongediscre·

129 3171 209 3242 pant,
239 3171 379 3241 statuere,
412 3166 508 3225 omnia
538 3167 701 3225 necessario
732 3188 750 3225 a
780 3167 836 3225 Dei
866 3171 972 3225 natura
993 3185 1137 3236 emanare,
1160 3171 1197 3238 et,

129 3247 304 3305 Universum
326 3246 419 3321 ipsum
440 3247 534 3305 Deum
555 3266 627 3305 esse.

170 3327 257 3385 Ponit
289 3332 386 3385 tamen
414 3347 556 3385 summam
577 3328 756 3402 voluptatem
777 3327 900 3385 hominis
919 3326 951 3384 in
972 3325 1051 3384 cultu
1072 3324 1198 3389 virtutis.

130 3428 194 3482 quae
215 3408 279 3482 ipsa
300 3407 355 3465 sibi
375 3407 526 3482 praemium
548 3412 577 3466 11
598 3408 745 3466 theatrum
767 3407 1007 3483 amplissimorum
1029 3425 1091 3464 esse
1113 3404 1198 3463 dicit:

129 3493 159 3545 et
186 3487 251 3545 ideo
272 3489 336 3546 vult
357 3487 500 3546 hominem
523 3492 602 3546 recte
623 3508 719 3546 rerum
740 3487 951 3562 intelligentem
973 3487 1076 3544 debere
1097 3485 1200 3544 virtuti

130 3587 247 3641 operam
279 3569 357 3637 dare,
389 3588 447 3626 non
478 3572 599 3644 propter
628 3572 774 3643 praecepta
798 3572 828 3626 et
848 3569 939 3642 legem
961 3566 1025 3637 Dei,
1047 3570 1099 3625 aut
1118 3585 1198 3641 spem

128 3647 250 3722 praemii,
273 3654 324 3706 aut
343 3668 436 3723 poenae
456 3653 574 3718 metum,
597 3649 647 3707 sed
668 3647 882 3723 pulchritudine
903 3647 1029 3718 virtutis,
1052 3651 1081 3704 et
1094 3646 1200 3704 mentis

129 3726 245 3801 gaudio,
268 3729 343 3802 quod
364 3728 450 3786 homo
471 3728 501 3786 11
522 3748 577 3786 111
597 3728 715 3786 virtutis
736 3728 867 3804 percipit,
888 3727 1024 3785 illectum.

170 3807 280 3865 Statuit
299 3808 408 3883 itaque,
430 3809 522 3867 Deum
544 3827 597 3884 per
617 3809 781 3883 Prophetas
801 3814 831 3866 et
851 3807 1058 3866 revelationem
1069 3805 1199 3864 homines

168 3906 208 3963 II.
1036 3905 1075 3962 22
