2662 4298
425 338 741 379 ιιιοιοιιιι-ιοιιιιιι
762 339 826 381 ιιι.
849 338 901 378 vn.
1157 324 1194 381 41

125 523 195 562 esse
214 503 398 563 sententiam.
420 506 520 575 Porro,
543 504 679 580 quoniam
700 506 797 563 Moses
817 504 894 562 clare
915 504 1008 575 docet,
1031 505 1124 564 Demn
1139 525 1203 598 esse

127 585 304 660 zelotypum,
326 604 380 643 neo
400 584 481 643 ullibi
502 551 594 656 docet,
616 586 708 644 Deum
729 605 829 644 carere
842 550 1061 660 passionibris'
1038 604 1100 644 sive
1115 585 1205 645 animi

128 664 316 741 pathematis‚
338 663 406 723 hinc
426 666 512 741 plane
533 666 769 736 concludendum,
792 666 902 724 Mosam
923 665 1006 723 hoo
998 684 1093 741 ipsum
1113 666 1200 725 credi·

129 744 217 816 disse,
249 749 302 803 aut
322 745 424 803 saltem
445 746 547 805 dooere
568 745 703 817 voluisse,
725 745 912 821 quantumvis
932 746 1009 804 hano
1030 746 1204 805 sententiam

129 823 250 884 Rationi
280 844 444 901 repugnare
475 827 634 885 credamus.
665 825 749 897 Nam,
780 826 843 884 ut
831 845 892 901 Jam
913 825 1099 898 ostendimus,
1121 827 1205 887 nobis

129 924 191 963 non
221 904 289 963 licet
312 906 349 964 ad
371 905 527 965 dictamina
548 911 657 965 nostrae
678 906 745 964 ltat
723 905 861 964 troniset
848 906 919 964 tad
940 926 993 965 nos
994 911 1056 964 tras
1076 926 1204 983 praecon-

128 989 232 1060 ceptae
252 985 402 1060 opiniones
421 990 547 1045 mentem
568 986 726 1063 Scripturas
745 991 888 1061 torquere,
904 986 954 1044 sed
968 991 1033 1045 tote
1045 987 1204 1047 Bibliorum

131 1065 262 1140 cognitio
283 1067 320 1124 ab
340 1065 442 1125 iisdem
463 1067 532 1125 solis
553 1072 598 1125 est
618 1067 753 1143 petenda.

171 1145 227 1204 ΠΙ.
263 1145 394 1221 Denique
426 1166 563 1206 enarrare
595 1148 680 1206 debet
711 1148 775 1205 haec
806 1145 929 1204 historia
960 1165 1045 1205 casus
1078 1147 1205 1207 omnium

127 1226 270 1285 librorum
291 1226 512 1302 Prophetarum,
535 1247 656 1303 quorum
676 1226 814 1286 memoria
836 1226 912 1302 apud
926 1246 980 1284 nos
994 1230 1054 1298 cst3
1070 1226 1206 1287 videlicet

128 1305 232 1377 vitem,
264 1326 367 1378 mores,
400 1327 434 1366 ac
455 1308 551 1366 studia
572 1307 703 1367 authoris
723 1306 948 1382 uniuscujusque
967 1305 1049 1377 libri;
1072 1306 1204 1382 quisnam

129 1386 228 1460 fuerit,
255 1407 311 1462 qua
331 1388 490 1459 occasione,
513 1408 569 1464 quo
591 1392 730 1464 ternpore,
752 1385 807 1458 cui,
830 1391 859 1445 ιι
881 1386 1005 1462 denique
1027 1406 1083 1462 qua
1103 1386 1206 1462 lingua
1230 1425 1236 1437 .

127 1465 288 1543 scripserit.
310 1467 422 1526 Deinde
442 1468 667 1545 uniuscujusque
686 1466 753 1526 libri
765 1467 930 1526 fortunam:
945 1486 1048 1543 nempe
1063 1468 1204 1542 quomodo

128 1546 212 1624 prius
242 1553 379 1623 acceptus
408 1548 505 1621 fuerit,
538 1555 568 1608 ιι
597 1548 628 1607 ιι
660 1567 783 1624 quorum
813 1567 917 1606 manus
936 1546 1079 1618 inciderit,
1101 1546 1205 1608 deinde

128 1631 203 1704 quot
234 1628 297 1703 ejus
327 1627 418 1687 variae
449 1629 588 1689 lectiones
619 1627 736 1696 fuerint,
768 1632 798 1687 ιι
830 1647 951 1703 quorum
983 1627 1103 1687 concilio
1127 1628 1205 1688 inter

127 1726 230 1767 sacros
261 1713 397 1784 acceptus
427 1709 525 1781 fuerit,
554 1715 585 1769 et
606 1708 729 1785 denique
751 1709 893 1784 quomodo
914 1727 1014 1766 omnes
1034 1708 1109 1782 libri,
1132 1728 1205 1785 quos

128 1808 232 1847 omnes
263 1789 323 1864 jam
355 1809 453 1848 sacros
483 1809 547 1849 esse
576 1791 716 1861 fatentur,
747 1788 777 1847 in
799 1808 890 1847 unum
910 1807 1014 1863 corpus
1034 1789 1204 1849 coaluerint.

130 1869 208 1927 Haec
239 1869 344 1941 omnia,
375 1869 646 1946 inquam-historia
667 1869 824 1945 Scripturas
846 1868 994 1927 continere
1015 1869 1109 1929 debet.
1130 1868 1205 1928 Nam

128 1953 163 2008 ut
184 1947 318 2023 sciamus,
340 1969 474 2025 quaenam
495 1950 649 2010 sententiae
671 1954 810 2025 tanquam
822 1950 904 2025 leges
917 1949 1112 2024 proferantur,
1128 1964 1205 2024 quae-

128 2048 199 2088 nam
232 2049 302 2088 vero
337 2034 476 2106 tanquam
512 2032 684 2090 documenta
714 2029 844 2103 moralia,
876 2030 968 2088 refert
998 2029 1072 2088 scire
1102 2028 1203 2102 vitam,

128 2128 234 2182 mores,
257 2129 291 2168 ac
312 2110 408 2169 studia
429 2111 573 2184 authoris;
598 2112 671 2169 adde
692 2111 767 2186 quod
788 2130 822 2168 co
843 2109 957 2168 facilius
977 2111 1067 2168 verba
1081 2109 1205 2185 alicujus

128 2189 277 2266 explicare
297 2210 458 2266 possumus,
481 2212 538 2268 quo
560 2192 622 2267 ejus
643 2190 759 2266 genium
780 2194 810 2248 et
829 2189 978 2264 ingenium
998 2189 1100 2247 melius
1118 2209 1204 2248 nove·

129 2269 230 2329 rimus,
262 2271 382 2343 Deinde,
409 2291 444 2330 ne
466 2272 638 2330 documenta
659 2276 770 2334 aeterna
790 2289 855 2328 cum
875 2269 920 2341 iis,
944 2269 1066 2344 quae'ad
1088 2273 1203 2344 tempus

128 2354 254 2422 tantum,
277 2352 324 2409 vel
344 2351 444 2427 paucis
465 2352 641 2411 solummodo
663 2372 700 2409 ex
721 2370 775 2410 usu
796 2353 932 2426 poterant
953 2368 1024 2421 esse,
1047 2349 1203 2408 confunda·

128 2449 203 2501 mus,
235 2432 326 2489 refert
356 2431 443 2490 etiam
474 2432 557 2503 seire,
589 2453 646 2508 qua
677 2431 835 2501 occasione,
867 2449 924 2506 quo
945 2434 1083 2505 tempore,
1106 2434 1136 2488 et
1156 2429 1202 2488 cui

127 2510 242 2570 nationi
273 2517 325 2570 aut
356 2513 470 2586 saeculo,
503 2513 599 2572 omnia
627 2514 799 2571 documenta
824 2511 933 2586 scripta
952 2511 1079 2569 fuerunt.
1101 2510 1203 2569 Refert

129 2591 255 2666 denique
285 2592 405 2667 reliqua,
437 2614 503 2668 quae
528 2598 672 2670 praeterea
693 2592 825 2662 diximus,
847 2591 930 2661 scire,
952 2595 985 2649 ut
1006 2594 1115 2666 praeter
1135 2590 1203 2649 libri

128 2671 269 2747 cujusque
290 2673 496 2732 authoritatem
518 2672 605 2732 etiam
626 2672 758 2739 sciamus,
781 2692 850 2730 num
870 2674 907 2729 ab
929 2670 1100 2730 adulterinis
1113 2671 1202 2730 mani-

129 2753 185 2810 bus
216 2753 402 2829 conspurcari
432 2754 569 2829 potuerit,
602 2774 639 2812 ιιι
664 2753 775 2824 minus;
798 2772 867 2810 num
889 2771 1002 2811 errores
1021 2751 1201 2827 irrepserint,

127 2851 201 2890 num
231 2853 249 2891 a
280 2832 351 2892 viris
381 2835 453 2892 satis
476 2834 578 2910 peritis
599 2839 629 2893 ιι
650 2835 706 2892 fide
727 2832 824 2908 dignis
846 2832 968 2890 correcti
990 2831 1107 2890 fuerint.
1130 2833 1202 2902 Quae

128 2912 227 2971 omnia
248 2913 323 2973 scitu
344 2915 497 2973 admodum
518 2915 682 2974 necessaria
702 2918 778 2984 suut,
800 2917 834 2971 ιιι
854 2933 891 2971 ne
913 2933 990 2972 ooeco
1010 2912 1120 2987 impetu
1142 2932 1202 2970 cor·

128 2992 216 3068 repti,
249 2993 382 3070 quicquid
415 2995 498 3054 nobis
529 2996 702 3068 obtruditur,
725 2994 776 3052 sed
797 2997 911 3052 tantum
931 2993 970 3064 id,
993 2994 1069 3068 quod
1091 2998 1202 3051 eertum

128 3076 161 3130 ιι
180 3073 375 3133 indubitatum
397 3081 450 3150 est,
472 3076 689 3152 amplectamur.

171 3154 238 3211 Jam
272 3161 425 3232 postquam
461 3157 535 3215 hanc
570 3156 721 3215 historiam
757 3154 913 3230 scripturae
946 3153 1141 3223 habuerimus,
1172 3156 1203 3211 ιι

129 3233 252 3293 firmiter
282 3236 503 3306 decreverimus,
535 3236 652 3295 nihilt
639 3241 778 3312 tanquam
808 3235 967 3293 doctrinam
989 3234 1201 3309 Prophetarum

129 3319 211 3372 certo
242 3319 379 3388 statuere,
412 3317 486 3392 quod
519 3337 556 3375 ex
576 3319 631 3376 hac
652 3317 711 3375 hist
699 3315 775 3374 ιοιιι
795 3335 853 3373 non
874 3318 1021 3389 sequatur,
1043 3317 1094 3370 aut
1115 3332 1201 3387 quam

129 3394 289 3454 clarissime
317 3364 413 3457 eliciat
401 3403 457 3469 ι,ιιι
479 3402 541 3456 tum
562 3402 676 3474 tempus
697 3396 761 3466 erit,
783 3399 816 3453 ut
803 3396 873 3453 tad
895 3399 1021 3452 mentem
1042 3393 1200 3468 Propheta-

129 3491 194 3532 rum
225 3478 294 3534 ιι
276 3478 365 3553 spirit
366 3498 400 3536 us
352 3443 548 3536 asineti
540 3498 624 3537 mves
625 3478 774 3568 tigandam
796 3495 849 3535 nos
870 3474 1064 3548 accingamus.
1087 3472 1143 3531 Sed
1164 3474 1201 3532 ad

131 3554 187 3612 hoc
207 3557 295 3615 etiam
315 3559 518 3616 methoduset
540 3560 610 3617 ordo
631 3556 754 3634 requirit
754 3577 789 3614 ur
741 3555 911 3614 tsimilis
931 3554 966 3625 ιι,
989 3573 1045 3628 quo
1062 3553 1157 3612 adt
1112 3558 1157 3613 int
1158 3573 1200 3612 er·

129 3636 237 3710 pretet
229 3657 323 3697 ronem
355 3638 413 3697 Nat
400 3643 473 3697 turae
506 3659 543 3697 ex
569 3639 661 3715 ipsius
681 3636 802 3695 historia
823 3640 856 3695 ut
856 3636 939 3695 imur.
963 3633 1054 3692 Sicuti
1030 3633 1150 3693 tenim
1170 3633 1202 3692 in

130 3719 296 3777 scrutandis
326 3721 412 3777 rebus
443 3723 495 3777 nat
482 3719 623 3778 turalibus
655 3722 723 3775 ante
748 3715 844 3774 omnia
864 3714 1042 3788 investigare
1063 3734 1202 3772 conamur

130 3813 178 3854 res
208 3799 333 3857 maxime
364 3799 544 3858 universales
575 3805 604 3858 et
635 3797 690 3856 toti
667 3796 779 3855 ttNa
766 3800 840 3855 t·u1ae
872 3813 1045 3864 communes,
1066 3793 1202 3853 videlicet
