2662 4298
130 369 190 426 384
538 386 675 426 nrisrcca
696 387 789 428 nrm.

123 556 192 630 jam,
222 573 279 611 non
307 559 340 610 ut
360 552 469 610 invitus
490 552 622 623 seiberet,
644 553 694 611 sed
715 556 750 610 ut
773 557 962 616 necessario
986 559 1127 619 scribendi
1143 571 1193 622 eset

126 635 255 710 cupidus,
1183 639 1187 647 ¹

166 714 248 784 Quod
279 733 366 788 porro
396 713 520 771 statuit:
553 715 629 789 quod
658 715 684 770 si
715 733 734 770 o
766 719 874 774 causis
898 723 1037 779 externis
1057 741 1193 799 coporeum.

126 797 240 853 simois
261 794 390 851 liuditum
412 796 559 869 acquirere
576 795 668 868 possit
688 813 792 869 nemo;
813 795 945 868 Nescio,
963 801 1033 874 quis
1047 802 1101 877 ipsi
1110 803 1193 875 dixerit,

126 895 183 933 non
214 893 299 950 posse
330 893 368 931 ex
398 873 480 931 fatali
512 873 691 941 necessitate,
723 873 775 931 sed
810 880 1038 940 tantummodo
1070 903 1106 941 ex
1132 884 1193 943 libem

127 955 233 1012 Mentis
255 954 370 1012 decreto
391 953 462 1023 fieri,
484 958 517 1012 nt
537 954 651 1012 firmato
671 958 701 1011 et
722 957 882 1014 constanti
907 959 1009 1019 simus
1031 963 1132 1022 animo.

167 1036 204 1092 Et
225 1035 300 1110 quod
322 1033 444 1109 denique
463 1033 557 1091 addit:
580 1036 655 1110 quod
675 1035 726 1091 hoc
741 1038 845 1108 posito
860 1043 971 1099 omnis
985 1046 1104 1102 molitio
1113 1064 1194 1104 mcum

126 1116 189 1172 ouis
220 1123 304 1187 esset;
332 1114 406 1184 Quid
434 1114 522 1172 inde?
547 1114 620 1172 Nam
642 1112 772 1171 homines
794 1117 870 1174 mali
895 1139 962 1178 non
987 1124 1089 1182 minus
1107 1125 1206 1182 timendi.

125 1199 202 1259 sunt,
235 1215 288 1253 nec
318 1194 414 1252 minus
440 1194 602 1270 perniciosi,
631 1194 745 1269 quando
766 1199 953 1258 necessario
975 1204 1051 1262 mali
1072 1211 1142 1264 sunt
1159 1205 1195 1263 Sed

127 1275 161 1332 de
184 1275 237 1346 his,
260 1275 284 1332 si
305 1275 409 1349 placet,
431 1275 496 1332 vide
517 1294 589 1332 meae
604 1273 782 1349 Appendicis
796 1278 839 1334 ad
855 1278 998 1340 Oartesii
1014 1284 1196 1361 Principiomn

126 1355 175 1413 lib.
197 1356 220 1414 I.
242 1360 272 1413 et
293 1355 332 1413 ΙΙ.
355 1355 454 1412 ordine
475 1354 656 1413 Geometrico
676 1355 914 1417 demonstrator.
930 1361 1040 1422 Partis
1055 1367 1083 1424 2.
1099 1367 1197 1442 caputt.

166 1435 297 1510 Denique
328 1441 397 1492 tuus
428 1434 545 1508 amicus,
573 1435 623 1510 qui
643 1435 707 1492 haec
726 1434 798 1492 mihi
822 1439 945 1514 objicit,
972 1446 1084 1504 vellem
1104 1452 1135 1504 ut-
1151 1445 1198 1504 ndi

126 1516 323 1590 responderet,
345 1535 401 1590 qua
422 1515 534 1573 ratione
555 1515 603 1573 ille
623 1515 779 1573 humanam
800 1517 970 1593 virtutem,
997 1545 1066 1600 quae
1086 1546 1121 1584 ex
1134 1526 1198 1584 libem

126 1595 233 1652 Mentis
254 1596 369 1653 decreto
390 1595 490 1665 oritur,
512 1595 595 1653 simul
617 1595 761 1670 concipiat
781 1616 851 1655 cum
874 1600 937 1658 Dei
961 1606 1199 1679 praeordinatione.

127 1675 209 1744 Quod
241 1676 264 1732 si
295 1695 358 1733 cum
381 1675 512 1734 Oartesio
532 1677 650 1747 fatetur,
673 1694 705 1733 se
726 1676 787 1734 haec
808 1679 936 1739 nescire
960 1686 1132 1758 conciliare,
1150 1706 1199 1762 crgo

125 1755 221 1821 telum,
244 1775 301 1830 quo
321 1755 383 1830 ipse
404 1757 562 1814 transfixus
580 1757 640 1830 jam
662 1760 714 1827 est,
736 1755 767 1813 in
788 1776 841 1815 me
860 1759 995 1823 vibrare
1018 1772 1149 1826 conatur.
1162 1767 1200 1826 Sed

125 1836 241 1893 frustra.
274 1835 346 1892 Nam
380 1836 403 1893 si
434 1856 526 1894 meam
559 1836 731 1894 sententiam
763 1841 885 1897 attento
918 1844 1030 1905 animo
1057 1848 1201 1906 examinare

126 1914 205 1986 velis,
228 1916 323 1974 omnia
344 1935 504 1991 congruere
524 1917 644 1988 videbis,
666 1920 720 1974 etc.

414 2281 437 2337 Ε
449 2300 466 2337 Ρ
479 2300 488 2337 1
500 2301 513 2337 s
525 2300 540 2337 T
553 2302 569 2337 0
582 2301 628 2338 LA
650 2281 717 2338 LIX
739 2282 816 2351 (anm
833 2286 927 2358 nxnr).

296 2417 533 2473 Proestcocte‘ssimo
555 2422 638 2489 atquo
660 2417 833 2472 Acidis-simo
855 2417 1045 2497 Philosopho

589 2550 622 2605 B.
647 2568 672 2606 n.
696 2549 723 2606 S.

285 2682 476 2740 EHRENFR.
499 2683 654 2740 WALTH.
676 2683 727 2739 DE
749 2680 1048 2749 TSCHIRNHAUS.

245 2816 482 2871 I'rrcstontissime
510 2817 569 2885 Vir,

166 2948 333 3004 Methodum
364 2952 442 3004 tuam
464 2954 541 3005 recte
562 2949 698 3022 regendae
720 2946 852 3005 Rationis
872 2948 903 3006 in
926 2955 1119 3027 acquirenda
1141 2959 1202 3017 veii-

125 3031 217 3084 tatum
249 3027 460 3101 incognitarum
491 3028 663 3102 cognitione,
696 3033 729 3085 ut
762 3033 792 3085 et
817 3027 974 3088 Generalis
1009 3035 1042 3093 in
1065 3039 1202 3115 Physicis

126 3109 239 3183 quando
261 3107 499 3182 impetrabimus?
520 3109 595 3167 Novi
617 3110 724 3182 tejam
746 3108 829 3165 modo
850 3128 975 3183 magnos
998 3114 1031 3173 in
1052 3117 1093 3175 iis
1108 3121 1202 3178 fecisse

125 3208 304 3263 progressus,
337 3188 421 3246 Prius
450 3188 509 3262 jam
537 3189 607 3246 mihi
630 3188 764 3259 innotuit,
788 3192 817 3245 et
838 3191 985 3263 posterius
1010 3199 1150 3258 noscitur
1169 3220 1201 3257 ex

125 3269 320 3327 lemmatibus
336 3268 415 3326 Parti
430 3269 562 3327 secundae
576 3270 692 3327 Ethices
707 3269 835 3344 adjectis.
850 3270 956 3345 quihus
966 3275 1074 3335 multae
1088 3279 1202 3338 difficul-

124 3355 201 3407 tates
221 3349 251 3407 in
272 3349 405 3424 Physicis
426 3349 508 3406 facile
530 3351 690 3407 solvuntur.
713 3349 743 3406 Si
764 3349 853 3407 otium
875 3356 910 3408 ct.
927 3356 1061 3414 occassio
1085 3359 1166 3433 sinit,
1187 3380 1201 3417 a

125 3435 154 3487 te
175 3429 315 3488 submisse
335 3440 402 3505 peto
424 3449 522 3486 veram
544 3431 641 3487 Motus
661 3429 873 3494 Definitionem,
896 3435 929 3489 ut
950 3437 979 3489 ct
995 3435 1062 3510 ejus
1078 3441 1201 3515 explica·

125 3511 240 3580 tionem,
264 3516 351 3587 atque
373 3530 429 3585 qua
449 3510 570 3579 ratione,
593 3530 657 3567 cum
677 3510 826 3578 Extende,
849 3517 993 3584 quatenus
1015 3536 1072 3591 per
1094 3539 1202 3579 secon-

126 3590 238 3665 cipitur‚
273 3590 463 3660 indivisibilis,
496 3589 689 3659 immutabilis,
721 3596 774 3649 eto.
807 3591 852 3663 sit,
885 3611 902 3648 a
931 3592 1024 3666 priori
1058 3599 1202 3659 deducere

125 3671 274 3748 possimne,
310 3677 354 3730 tot
384 3676 501 3747 tamque
531 3672 637 3728 multas
668 3669 737 3727 oriri
768 3689 851 3745 posse
883 3672 1053 3747 varietates.
1088 3685 1121 3737 et
1154 3700 1202 3756 per

126 3771 304 3827 consequens
335 3752 517 3810 existentiam
548 3752 650 3826 figurae
682 3750 710 3807 in
739 3751 889 3824 particulis
915 3752 1039 3829 alicujus
1061 3761 1201 3835 corporis,

127 3854 192 3909 qnae
221 3838 318 3890 tamen
346 3833 375 3890 in
398 3832 500 3908 quovis
520 3851 639 3907 corpore
660 3829 749 3888 variae
772 3836 801 3888 et
822 3831 944 3890 diversae
966 3840 1077 3895 sunta
1099 3841 1202 3915 figuris
