2662 4298
401 360 717 401 assensores-romaldi
738 362 802 400 cae.
825 363 864 400 vr.
1128 347 1163 404 al

99 529 188 588 etiarn
206 549 244 587 ex
257 529 312 586 hoc
326 529 521 599 confirmatur,
537 530 613 605 quod
627 528 657 586 in
671 528 817 586 miraculis
831 529 928 604 plures
942 529 1166 590 circumstantias

100 609 328 686 reperiebantur,
355 609 487 684 quamvis
506 614 603 667 tamen
625 629 683 666 non
703 627 816 684 semper
836 614 1000 680 narrentur,
1022 612 1166 688 praecipue

100 709 166 749 eum
187 689 254 748 stilo
269 688 380 765 poetico
395 694 554 761 canantur;
576 688 810 759 circumstantiae,
824 688 949 764 inquam,
965 689 1166 750 miraculorum

90 771 178 829 clare
211 770 375 838 ostendunt,
406 769 470 845 ipsa
501 789 604 827 causas
631 769 779 827 naturales
805 769 959 844 requirere.
987 770 1106 846 Nempe,
1134 779 1167 831 ut

99 848 235 926 AEgyptii
260 849 356 908 scabie
382 849 598 922 infestarentur,
627 869 699 925 opus
726 849 790 919 fuit,
819 855 852 907 ut
871 851 968 908 Moses
987 851 1115 910 favillam
1136 852 1166 910 in

99 940 197 989 aerem
225 949 339 988 sursum
359 937 511 1005 spargeret
532 929 609 1005 (vide
629 928 805 1005 Exodicap.
829 932 856 989 9.
878 949 920 989 vs.
944 931 1011 1005 lo).
1033 933 1166 991 Locustae

98 1010 186 1069 ctiam
209 1030 246 1069 ex
266 1010 403 1068 mandato
418 1010 472 1068 Dei
485 1010 620 1081 naturali,
636 1028 737 1084 nempe
752 1030 790 1067 ex
803 1015 891 1068 vento
906 1010 1038 1069 orientali
1051 1012 1165 1087 integro

99 1090 146 1149 die
177 1095 208 1148 et
235 1094 320 1148 nocte
340 1091 437 1160 flante,
461 1091 663 1166 AEgyptiorum
684 1090 830 1165 regionem
852 1090 1006 1166 petierunt,
1029 1097 1058 1150 et
1079 1097 1166 1151 vento

99 1170 272 1230 occidentali
293 1170 449 1229 fortissimo
471 1171 590 1229 eandem
611 1170 791 1246 reliquerunt
812 1170 889 1236 (ude
910 1171 1001 1229 Exod.
1019 1192 1043 1230 c.
1061 1174 1107 1231 10.
1121 1193 1165 1232 vs.

101 1251 147 1322 14,
184 1252 253 1325 la).
286 1251 394 1309 Eodem
426 1250 511 1308 etiam
539 1251 593 1309 Dei
619 1251 701 1326 jussu
722 1270 801 1308 mare
822 1250 898 1308 viam
920 1251 1032 1309 Judaeis
1052 1253 1166 1327 aperuit

99 1331 179 1405 (vide
198 1331 291 1389 Exod.
314 1350 338 1389 c.
363 1332 409 1390 14.
431 1351 474 1390 vs.
498 1332 568 1404 21.),
590 1351 692 1407 nempe
712 1331 798 1401 Euro,
821 1330 870 1405 qui
882 1330 1037 1389 fortissime
1051 1331 1165 1406 integra

98 1416 185 1470 nocte
206 1411 297 1470 flavit.
320 1411 439 1481 Deinde,
461 1416 494 1469 ut
514 1411 593 1469 Elisa
612 1431 743 1487 puerum,
766 1410 814 1486 qui
834 1415 965 1469 mortuus
985 1412 1164 1481 credebatur,

97 1491 249 1562 excitaret,
282 1491 434 1566 aliquoties
454 1510 543 1566 puero
564 1492 728 1550 incumbere
750 1490 856 1561 debuit,
879 1491 969 1549 donec
989 1491 1070 1567 prius
1090 1492 1165 1551 inca-

97 1571 194 1643 luerit,
216 1577 246 1629 et
266 1573 383 1629 tandem
405 1573 502 1630 oculos
523 1572 669 1647 aperuerit
689 1571 767 1645 (vide
788 1572 859 1646 Reg.
881 1571 930 1631 lib.
953 1573 980 1631 2.
1001 1591 1062 1648 cap.
1078 1573 1105 1631 4.
1121 1593 1164 1633 vs.

98 1653 146 1722 34,
169 1653 240 1726 35.).
263 1651 309 1710 Sic
330 1651 416 1710 etiam
438 1651 467 1708 in
488 1651 648 1726 Euangelio
669 1651 792 1710 Joannis
813 1671 875 1727 cap.
898 1654 925 1710 9.
949 1653 1080 1727 quaedam
1101 1673 1164 1711 nar·

95 1737 202 1790 rantur
233 1731 467 1800 circumstantiae,
500 1731 605 1807 quibus
633 1731 764 1791 Christus
793 1750 860 1790 usus
881 1736 925 1789 est
946 1733 982 1790 ad
1005 1734 1165 1792 sanandum

98 1832 224 1882 coecum3
247 1816 276 1870 et
297 1811 338 1870 sic
360 1811 416 1869 alia
437 1813 528 1870 multa
548 1812 578 1870 in
600 1811 756 1888 Scripturis
776 1811 968 1887 reperiuntur,
990 1833 1054 1888 quae
1070 1814 1165 1872 omnia

97 1893 170 1950 satis
191 1893 356 1963 ostendunt,
378 1892 517 1950 miracula
538 1893 623 1962 aliud,
646 1912 731 1968 quam
753 1893 914 1950 absolutum
935 1893 998 1964 Dei,
1020 1899 1052 1951 ut
1073 1894 1163 1968 ajunt,

96 1974 265 2030 mandatum
287 1971 443 2048 requirere.
466 1972 562 2042 Quare
583 1973 765 2044 credendum,
787 1973 919 2048 quamvis
940 1973 1164 2032 circumstantiae

96 2053 310 2124 miraculorum,
343 2071 498 2128 eorumque
527 2055 676 2111 naturales
707 2073 811 2126 causae,
844 2073 902 2111 non
933 2073 1046 2129 semper
1072 2074 1165 2129 neque

98 2153 198 2190 omnes
229 2137 410 2202 enarrentur,
439 2133 578 2192 miracula
597 2138 694 2192 tamen
716 2153 774 2192 non
795 2133 857 2191 sine
877 2133 977 2192 iisdem
1000 2135 1162 2208 contigisse.

98 2213 179 2283 Quod
212 2212 298 2271 etiam
330 2217 444 2270 constat
475 2233 513 2271 ex
543 2213 636 2271 Exodi
667 2234 729 2289 cap.
761 2215 807 2272 14.
837 2234 879 2271 vs
902 2215 959 2283 27,
980 2214 1029 2270 ubi
1050 2219 1163 2272 tantum

97 2298 244 2364 narratur,
277 2294 352 2369 quod
380 2312 417 2351 ex
445 2294 505 2351 solo
526 2299 600 2352 nutu
620 2294 709 2352 Mosis
729 2314 809 2352 mare
829 2294 933 2351 iterum
954 2293 1089 2364 intimuit,
1111 2314 1164 2352 nec

97 2374 157 2431 ulla
178 2373 259 2431 venti
279 2373 386 2431 mentio
408 2374 448 2432 fit.
471 2375 509 2431 Et
529 2379 626 2432 tamen
647 2374 677 2432 in
699 2374 817 2433 Cantico
840 2380 912 2449 (cap.
937 2376 982 2432 15.
1005 2393 1080 2431 vers.
1104 2376 1162 2443 10.)

99 2453 212 2524 dieitur,
233 2453 262 2511 id
284 2453 439 2528 contigisse
460 2474 497 2511 ex
518 2474 560 2525 eo,
584 2455 659 2530 quod
681 2456 759 2512 Deus
780 2459 867 2512 vento
888 2474 939 2512 suo
954 2453 992 2527 (id
1007 2461 1059 2524 est,
1075 2460 1163 2512 vento

99 2533 265 2610 fortissimo)
293 2533 422 2606 flaverit3
452 2554 542 2609 quare
568 2536 633 2593 haec
654 2534 871 2593 circumstantia
891 2534 920 2591 in
942 2534 1062 2593 historia
1083 2535 1164 2592 omit·

98 2613 179 2683 titur,
202 2619 232 2671 ct
252 2613 420 2672 miraculum
444 2634 478 2672 ea
499 2615 534 2673 de
555 2635 642 2673 causa
662 2616 756 2690 majus
770 2615 894 2674 videtur.
909 2616 951 2672 At
964 2615 1059 2673 forsan
1075 2615 1163 2673 insta·

25 2765 30 2772 .
99 2694 142 2751 bit
162 2693 275 2769 aliquia,
298 2714 351 2752 nos
371 2694 508 2769 perplura
528 2695 557 2752 in
580 2695 736 2771 Scripturis
757 2695 891 2771 reperire,
907 2716 972 2770 quae
988 2697 1065 2753 nullo
1079 2696 1163 2753 modo

98 2794 152 2850 per
172 2794 275 2832 causas
295 2775 443 2832 naturales
464 2775 600 2834 videntur
620 2795 704 2850 posse
726 2775 879 2851 explicari,
901 2780 934 2833 ut
955 2777 1031 2851 quod
1045 2781 1163 2851 peccata

100 2855 256 2926 hominum,
282 2874 436 2930 eorumque
456 2856 645 2930 precationes,
667 2861 788 2932 possunt
809 2876 872 2914 esse
892 2856 999 2931 pluviae
1020 2862 1164 2931 terraeque

99 2934 258 2993 fertilitatis
279 2955 374 3005 causa,
397 2941 447 2993 aut
468 2936 544 3010 quod
566 2937 637 2993 fides
657 2956 751 2994 coecos
772 2956 875 2994 sanare
896 2936 998 3012 potuit,
1015 2940 1044 2993 et
1057 2935 1113 2993 alia
1127 2937 1163 2994 ad

99 3015 176 3073 hunc
208 3015 332 3083 modum,
362 3036 426 3090 quae
457 3014 486 3072 in
514 3015 615 3074 Bibliis
635 3021 799 3075 narrantur.
822 3016 877 3074 Sed
899 3017 935 3074 ad
956 3017 1020 3074 haec
1040 3035 1086 3073 me
1103 3016 1163 3091 jam

99 3095 281 3170 respondisse
301 3101 388 3171 puto:
411 3096 523 3153 ostendi
544 3096 629 3162 enim,
653 3097 829 3172 Scripturam
851 3117 898 3154 res
919 3116 977 3154 non
997 3097 1098 3154 docere
1112 3116 1164 3171 per

99 3175 246 3249 proximas
267 3195 335 3233 suas
356 3196 467 3246 causas,
489 3177 539 3234 sed
557 3181 670 3234 tantum
685 3197 731 3235 res
746 3197 779 3234 eo
794 3177 893 3235 ordine
906 3176 997 3251 iisque
1010 3176 1164 3252 phrasibus

100 3274 227 3323 narrare,
250 3257 354 3331 quibus
375 3255 499 3314 maxime
520 3257 658 3329 homines,
681 3262 710 3315 et
730 3257 875 3332 praecipue
892 3257 1012 3332 plebem,
1028 3257 1064 3314 ad
1079 3257 1163 3313 devo·

99 3335 206 3394 tionem
238 3356 354 3394 movere
384 3342 495 3411 potest3
529 3343 558 3394 et
590 3339 644 3395 hac
670 3338 705 3395 de
726 3357 813 3395 causa
834 3338 869 3394 de
890 3338 950 3394 Dec
972 3336 1057 3393 etde
1078 3337 1164 3394 rebus

100 3415 250 3474 admodum
273 3416 428 3492 improprie
449 3417 584 3493 loquitur,
607 3418 675 3492 quia
696 3417 828 3475 nimirum
850 3435 908 3473 non
929 3415 1079 3473 Rationem
1095 3435 1163 3473 con-

98 3495 224 3566 vincere,
246 3498 296 3554 sed
318 3497 464 3555 hominurn
486 3498 669 3573 phantasiam
692 3503 720 3555 et
741 3496 976 3570 imaginationem
998 3496 1113 3553 afficere
1134 3501 1164 3554 et

100 3595 240 3651 occupare
261 3577 367 3636 studet.
390 3577 419 3635 Si
441 3578 515 3635 enim
538 3579 687 3654 Scriptura
700 3578 893 3636 vastationem
908 3576 1028 3652 alicujus
1041 3576 1163 3651 imperii,

98 3661 132 3714 ut
152 3657 280 3716 historici
301 3657 410 3733 politici
424 3659 527 3728 solent,
542 3664 684 3728 narraret,
699 3658 728 3715 id
742 3658 854 3732 plebem
870 3657 941 3716 nihil
955 3660 1162 3727 commoveret;

100 3741 132 3794 at
151 3742 252 3796 contra
273 3737 406 3809 maxime,
422 3739 445 3795 si
461 3739 555 3796 omnia
569 3739 679 3814 poetice
694 3737 833 3811 depingat
847 3738 925 3795 etad
941 3739 1032 3795 Deum
1047 3736 1163 3806 referat,

100 3818 174 3890 quod
195 3819 291 3875 facere
312 3818 393 3877 solet.
416 3819 486 3876 Cum
507 3819 604 3894 itaque
627 3818 775 3893 Scriptura
796 3822 905 3887 narrat,
923 3823 1032 3876 terram
1045 3820 1164 3890 propter
