2662 4298
560 337 710 402 'nrrsroua
731 364 771 404 v1.
1145 348 1204 405 207

136 551 195 589 non
214 530 292 601 item,
314 533 368 601 est,
391 529 467 605 quia,
489 550 553 588 cum
574 529 723 606 particulae
744 530 822 590 Nitri
842 531 1044 608 quiescente),
1060 532 1220 615 difficilius·K

134 613 172 668 ab
203 611 271 686 igne
302 629 416 668 sursum
446 609 517 668 ferri
547 615 677 686 possunt,
710 631 797 687 quam
828 632 892 670 cum
922 613 1070 688 proprium
1102 633 1204 672 versus

133 710 234 760 omnes
264 694 363 766 partes
384 690 511 748 habeant
531 695 650 762 motum,
671 691 800 766 ideoque,
822 712 886 751 oum
908 692 1069 768 quiescunt,
1091 695 1202 753 tamdiu

134 770 195 846 igni
216 771 365 841 resistunt,
387 771 478 828 donec
498 770 575 846 ignis
595 791 645 830 eas
666 774 702 830 ab
723 771 847 831 invicem
868 778 992 848 separet,
1011 775 1202 848 ‚atqueunde-

133 870 247 926 quaque
280 850 394 925 cingat3
427 870 491 909 cum
522 871 591 909 vero
623 851 701 927 ipsas
722 851 822 928 cingit,
844 853 900 911 huo
920 852 988 911 illuc
1007 852 1086 928 ipsas
1106 874 1203 913 secum

133 931 220 1007 rapit,
243 931 333 989 donec
354 931 501 1006 proprium
523 930 678 1007 acquirant
697 937 816 1004 motum,
838 935 906 1008 etb)
928 933 1202 992 sursuminfumum

132 1015 241 1069 abeant
252 1017 285 1081 c).
307 1010 364 1069 Sed
384 1010 533 1086 particulae
555 1011 673 1087 spiritus
693 1012 769 1070 Nitri
780 1015 821 1087 d),
844 1032 908 1071 cum
926 1013 986 1089 jam
1002 1013 1102 1072 sintin
1112 1019 1201 1086 motu,

131 1097 163 1149 et
195 1094 231 1150 ab
262 1091 386 1149 invicem
418 1095 569 1166 separatae,
603 1093 653 1168 ae)
685 1112 776 1168 parvo
808 1093 903 1152 calore
934 1093 1012 1168 ignis
1042 1093 1073 1152 in
1099 1095 1202 1170 majori

131 1173 247 1247 sphaera
277 1172 468 1246 undequaque
499 1171 704 1246 dilatantursl,
737 1177 767 1230 et
791 1174 846 1231 hoc
876 1173 960 1232 modo
969 1175 1000 1250 9)
1021 1175 1151 1248 quaedam
1172 1175 1202 1233 in

131 1253 242 1310 fumum
270 1254 386 1322 abeunt,
409 1251 511 1322 aliaelr)
533 1272 585 1328 per
606 1252 767 1324 materiam,
788 1252 885 1328 ignem
907 1253 1148 1329 suppeditantem,
1171 1275 1202 1313 se

131 1331 291 1402 insinuant,
324 1336 478 1407 antequam
505 1333 621 1390 flamma
631 1334 653 1406 i)
675 1333 865 1408 undequaque
887 1333 1059 1408 cingantur;
1080 1334 1202 1410 ideoque

131 1412 229 1487 ignem
250 1411 346 1487 potius
367 1413 544 1487 extinguunt
565 1432 649 1488 quam
673 1414 762 1472 alunt.

172 1493 297 1567 Pergam
303 1492 363 1568 jam
372 1493 407 1550 ad
416 1493 805 1568 experimenta,quaehanclr)
814 1493 1035 1570 explicationem
1043 1496 1064 1568 l)
1074 1512 1200 1570 compro-

131 1574 201 1630 bare
212 1572 356 1631 videntur.
369 1572 497 1631 Primum
509 1575 640 1650 estquod
652 1573 746 1650 reperi
754 1573 792 1650 m)
803 1573 961 1649 particulas
969 1573 1201 1650 Nitri,quaeinter

132 1653 328 1710 detonandum
339 1652 369 1710 in
380 1654 489 1711 fumum
502 1655 617 1724 abeunt,
629 1673 739 1712 merum
750 1673 813 1713 esse
825 1654 932 1713 nitrum
942 1677 948 1712 :
957 1675 1033 1726 nam,
1042 1674 1106 1712 cum
1114 1656 1202 1713 semel

131 1736 219 1808 atque
229 1733 334 1790 iterum
345 1733 460 1791 Nitrum
471 1733 682 1809 liquefacerem,
695 1735 786 1792 donec
796 1744 827 1805 n)
840 1734 1016 1793 crucibulum
1028 1735 1201 1794 satisincau·

130 1813 236 1883 duerit,
249 1817 336 1888 atque
346 1821 441 1888 pruna
450 1813 575 1872 micante
586 1820 612 1886 o)
624 1814 815 1885 incenderem,
827 1815 890 1890 ejus
896 1815 1006 1873 fumum
1012 1814 1100 1874 calice
1108 1815 1201 1874 vitreo

130 1892 238 1967 frigido
259 1893 368 1969 excepi,
391 1894 482 1953 donec
503 1896 539 1952 ab
560 1894 623 1970 ipso
645 1895 829 1966 irroraretur,
842 1900 872 1953 et
885 1899 987 1970 postea
997 1897 1029 1970 p)
1040 1895 1132 1954 halitu
1143 1896 1201 1954 oris

130 1973 249 2031 calicem
271 1973 358 2032 etiam
379 1974 457 2032 ultra
477 1975 617 2032 madefeci
639 1976 678 2050 q),
701 1979 730 2032 et
751 1976 867 2033 tandem
878 1977 908 2049 r)
923 1973 934 2006 ¹
949 1976 1008 2034 aeri
1020 1995 1084 2034 eum
1095 1975 1201 2050 frigido

130 2053 261 2128 exposui,
284 2059 316 2111 ut
337 2053 495 2112 siccaretur
515 2057 550 2128 s).
574 2054 636 2123 Quo
657 2055 736 2113 facto
764 2054 812 2113 hic
830 2054 887 2112 illic
907 2055 937 2112 in
950 2055 1037 2113 calice
1049 2055 1200 2129 tlstiriolae

129 2133 206 2190 Nitri
239 2138 445 2209 apparuerunt.
477 2135 516 2192 Et
547 2139 580 2192 ut
611 2133 705 2192 minus
736 2134 907 2210 suspicarer,
939 2135 968 2192 id
996 2155 1056 2193 non
1076 2155 1111 2193 ex
1132 2136 1201 2194 solis

129 2213 279 2288 particulis
300 2214 466 2272 volatilibus
486 2214 557 2285 fieri,
579 2215 629 2273 sed
651 2214 726 2289 quod
740 2215 816 2272 forte
833 2215 949 2272 flamma
960 2220 1059 2290 partes
1069 2215 1200 2290 integras

129 2292 205 2350 Nitri
226 2312 322 2352 secum
344 2299 459 2369 raperet
481 2294 525 2365 (ut
546 2294 702 2353 secundum
724 2294 880 2353 Clarissimi
900 2295 965 2352 Viri
984 2296 1012 2368 r)
1025 2295 1199 2353 sententiam

127 2374 251 2448 loquar),
273 2378 302 2431 et
322 2374 401 2432 fixas
421 2374 505 2432 simul
526 2395 590 2432 cum
605 2374 780 2447 volatilibus
795 2379 950 2450 antequam
963 2375 1197 2446 dissolverentur,

128 2473 166 2510 ex
197 2473 228 2511 se
260 2455 433 2530 expelleret3
466 2455 529 2525 hoc,
560 2454 689 2530 inquam,
722 2460 755 2513 ut
779 2454 875 2513 minus
895 2456 1067 2532 suspicarer,
1089 2455 1199 2513 fumum

128 2553 179 2609 per
210 2536 312 2592 tubum
343 2536 420 2593 ultra
440 2535 542 2610 pedem
563 2543 593 2604 rr)
615 2536 743 2610 longum,
765 2540 799 2594 ut
819 2537 856 2609 A,
878 2536 962 2611 quasi
982 2554 1034 2611 per
1055 2535 1199 2593 caminum

128 2614 304 2672 adscendere
325 2614 380 2672 feci
400 2620 439 2692 p),
460 2619 494 2673 ut
514 2620 612 2690 partes
632 2615 853 2692 ponderosiores
874 2619 943 2675 tubo
966 2616 1197 2689 adhaererentz),

127 2848 342 2855 ——-

160 3013 184 3069 a)
203 3015 263 3071 prtia
275 3029 304 3071 p.
322 3014 387 3058 nitri
402 3015 609 3074 (quarendoqm'dem
626 3016 771 3074 quiescam).
897 3016 920 3072 bl
938 3021 960 3060 et
978 3014 1035 3061 tratri.

160 3076 181 3127 r)
200 3075 294 3122 abeunt.
423 3077 447 3133 d)
466 3092 503 3135 ap.
520 3078 584 3122 nim-t
595 3079 737 3135 particulae.
864 3078 884 3133 el
902 3079 931 3124 L.
948 3080 1045 3124 omittit
1062 3093 1084 3123 a.

158 3139 181 3194 f)
201 3139 224 3181 in
244 3152 274 3181 m.
292 3139 345 3196 aph.
364 3141 449 3184 erectim
467 3153 553 3185 versus
569 3154 651 3186 orrares
663 3145 754 3198 portes
770 3145 903 3185 morentur.
1029 3141 1055 3198 9)
1073 3146 1095 3185 et
1111 3142 1153 3185 rio.

160 3199 185 3257 le)
199 3205 221 3243 et
238 3201 304 3246 tilica.
433 3203 452 3250 il
471 3216 486 3245 a
502 3203 610 3258 flammo.
737 3201 762 3257 lo)
780 3203 844 3246 hauc
859 3217 944 3249 meam.

160 3263 177 3317 l)
195 3263 224 3307 L.
243 3263 327 3308 addit:
340 3264 503 3321 phrrromrni.
632 3263 666 3319 m)
685 3264 717 3310 10.
735 3265 795 3322 quia
812 3266 917 3322 reperio.

161 3324 186 3375 nl
205 3326 301 3369 trrrndiu
319 3327 441 3385 liquefieri
456 3329 570 3384 sinerem,
586 3328 674 3385 qrtood.
801 3328 823 3383 ol
843 3328 970 3386 ipsumque
982 3341 1071 3384 pruna
1088 3328 1197 3372 rrricantr'.

158 3390 185 3444 p)
212 3388 265 3443 ejus
289 3389 358 3444 fumo
383 3389 481 3433 calicem
498 3390 604 3434 ratarum
619 3396 708 3448 (quem,
724 3394 752 3433 ut
768 3390 830 3434 sotis
842 3391 959 3447 fripr'dus
975 3395 1044 3446 esset,
1060 3389 1197 3445 curabam),
1225 3408 1227 3413 ·

127 3450 285 3502 irrorubunu
304 3465 332 3495 uo
348 3452 439 3495 statim.

160 3513 184 3569 q)
202 3512 252 3557 hal.
271 3514 323 3557 oris
340 3527 394 3558 eum
412 3514 520 3559 ulterius
535 3513 710 3558 humectatum.
836 3513 859 3569 ν)
877 3527 906 3559 aa
922 3515 1016 3561 deinde.

162 3573 251 3619 ι(ἲιῑηι
275 3575 327 3621 haec
354 3576 511 3634 experiebar,
537 3577 579 3621 adr
609 3578 665 3621 erat
689 3576 877 3622 serenissimus.
903 3577 945 3636 [Lz
961 3577 1015 3622 NB.
1032 3578 1075 3622 doe
1091 3583 1197 3636 tempore

128 3649 213 3681 sereno
229 3637 295 3682 dedet
310 3638 383 3695 fieri]

159 3703 181 3755 a)
206 3700 360 3758 reponebam.
496 3700 515 3759 t)
532 3706 554 3745 et
566 3705 698 3759 postquam
715 3702 782 3746 calix
799 3701 829 3746 ab
845 3715 901 3747 aere
918 3703 1063 3758 siccaretur,
1081 3703 1120 3748 hic
1136 3703 1196 3749 illio.

163 3762 184 3816 a)
205 3761 240 3806 Οἱ.
258 3764 361 3808 oratoris.
379 3763 545 3809 Parenthesis
562 3766 621 3809 ante
638 3777 717 3809 secum
733 3769 840 3822 raperet.
934 3765 962 3821 x)
976 3765 1036 3823 plus
1046 3765 1196 3824 quadrupede.

163 3823 188 3880 p)
207 3839 228 3882 q.
241 3839 290 3881 per
308 3839 370 3872 cunr.
384 3827 469 3884 prins,
485 3831 512 3871 ut
529 3826 670 3872 ascenderet
686 3827 814 3885 faciebam.
941 3836 965 3886 z)
981 3828 1111 3874 hcarerenl.
