2662 4298
542 347 682 388 urrsrou
704 345 779 386 xvn.

399 565 939 643 nprssouixvnpmm).

383 696 452 755 Viro
472 699 641 758 Doclissimo
663 719 698 757 cc
719 699 967 762 Rudemsssimo

468 831 621 891 Parae
642 830 856 891 BALLING

599 965 633 1024 B.
655 985 683 1024 n.
705 964 733 1024 S.

598 1098 695 1157 Versio
707 1100 733 1156 ’ἦ

250 1232 355 1290 Dilecta
369 1220 484 1302 'Amica
530 1250 532 1255 ·

171 1366 322 1424 Postrema
353 1368 413 1435 tua,
435 1365 483 1422 2b'.
505 1365 597 1440 elapsi
617 1365 733 1434 mensis,
755 1364 786 1423 ni
805 1364 905 1437 fallor,
928 1370 1067 1447 scripta,
1089 1372 1197 1432 reond

130 1465 209 1504 meas
229 1465 332 1503 manus
351 1444 494 1520 pervenit.
517 1444 582 1503 Non
602 1445 709 1520 exigua
730 1464 822 1503 mesa
833 1445 967 1507 tristitia
979 1452 1198 1513 acsollicitudiul

130 1526 244 1596 affecit;
276 1525 344 1584 licet
375 1525 475 1583 eadem
496 1525 581 1583 valde
601 1524 772 1595 decreverit,
794 1524 844 1583 ubi
864 1531 954 1586 tuam
978 1533 1199 1606 prudentiamst

131 1605 219 1664 animi
239 1605 438 1663 fortitudinem
458 1605 614 1681 perpende,
629 1605 734 1681 quibus
743 1606 880 1676 fortunae,
894 1609 945 1666 vel
958 1612 1069 1685 potius
1080 1612 1199 1690 opinionis

131 1686 314 1744 incommoda
344 1705 378 1743 eo
409 1690 548 1760 tempore,
574 1705 631 1761 quo
652 1684 836 1744 validissimis
857 1690 889 1744 te
911 1698 1105 1767 oppugnant
1124 1693 1199 1759 arma

132 1770 316 1824 contemnere
347 1765 432 1824 nosti.
464 1766 532 1823 Mea
563 1770 659 1824 tamen
691 1765 784 1824 indies
811 1767 956 1826 accrescit
979 1772 1200 1846 sollicitud03d

132 1850 286 1922 propterea
306 1865 359 1920 per
378 1850 508 1904 nostram
529 1865 584 1920 ego
605 1852 635 1904 te
656 1846 811 1904 amicitiam
831 1865 883 1904 oro
904 1852 1003 1924 atque
1026 1855 1200 1921 obsecrans

132 1926 231 1984 multis
256 1925 292 1983 ad
314 1945 359 1984 me
380 1925 506 1985 scribere
527 1925 580 1984 tibi
602 1946 693 2000 grave
713 1926 760 1984 sit.
783 1926 932 1996 Quantum
954 1932 1074 2001 omina,
1098 1952 1200 2011 quorun

132 2005 307 2064 mentionem
338 2006 419 2075 iacis,
450 2005 564 2072 attinet,
587 2025 690 2081 nempe
711 2007 787 2082 quod
807 2006 922 2066 infante
944 2014 1001 2069 tuo
1025 2014 1129 2074 adhuc
1147 2031 1201 2073 aaut

134 2090 164 2144 et
185 2087 301 2144 valente
313 2087 388 2144 tales
399 2085 523 2160 gemitus
535 2086 689 2157 audiveris
703 2087 802 2162 quales
812 2086 919 2145 edebat
928 2108 1025 2164 quum
1039 2096 1201 2169 aegrotabat

135 2171 165 2224 et
195 2168 282 2242 paulo
309 2170 376 2241 post
395 2166 464 2224 fatis
485 2167 675 2237 concedebat;
697 2167 893 2224 existimarem
915 2187 982 2243 ego,
1009 2172 1096 2233 hunc
1117 2192 1202 2234 verum

135 2267 193 2305 non
225 2246 313 2304 fuisse
345 2247 492 2320 gemitum,
525 2247 575 2304 sed
601 2266 658 2304 non
680 2246 735 2304 nisi
756 2252 835 2305 tuam
856 2246 1128 2325 imaginationem
1150 2253 1203 2331 quia

135 2326 187 2397 ais,
211 2327 295 2402 quod,
318 2347 404 2401 quum
425 2332 455 2384 te
475 2326 603 2395 levabas,
626 2332 664 2395 et,
686 2332 719 2384 ut
740 2327 862 2394 audires
884 2330 1143 2406 tecomponebas,
1157 2341 1203 2393 tau

136 2407 213 2464 clare
235 2426 284 2464 ecs
305 2426 363 2464 non
383 2406 537 2475 audiveris
560 2426 645 2481 quam
669 2413 764 2475 antea,
787 2407 833 2464 vel
854 2412 967 2481 postea,
989 2430 1087 2485 quum
1102 2415 1135 2473 in
1145 2433 1204 2474 som·

137 2506 206 2543 num
235 2486 366 2560 relapsus
397 2486 494 2544 fueris.
528 2487 661 2544 Profecto
693 2489 747 2545 hoc
772 2486 906 2557 ostendit,
928 2507 980 2546 eos
1001 2495 1140 2565 gemitus
1159 2513 1204 2553 non

138 2564 194 2622 nisi
224 2585 332 2623 meram
363 2566 451 2623 fuisse
476 2567 722 2640 imaginationem,
744 2587 808 2641 quae
831 2567 926 2624 soluta
946 2574 978 2626 et
998 2571 1100 2632 libera
1123 2580 1205 2634 certos

140 2644 264 2718 gemitus
284 2645 428 2702 efficacius
449 2651 479 2702 et
500 2646 624 2704 vividius
637 2647 790 2721 imaginari
805 2646 908 2722 potuit,
921 2667 1010 2723 quam
1024 2672 1063 2711 eo
1074 2659 1205 2732 tempore,

139 2743 196 2798 quc
227 2729 257 2782 tc
277 2725 418 2798 erigebas
440 2731 472 2783 ut
494 2727 529 2784 ad
551 2732 660 2784 certum
681 2728 774 2785 locum
796 2727 925 2785 auditum
946 2728 1107 2805 dirigeres.
1132 2733 1204 2806 Quod

140 2803 186 2862 hic
207 2804 279 2873 dico,
301 2804 356 2862 alic
377 2825 455 2874 casu,
477 2807 525 2881 qui
546 2807 615 2864 mihi
631 2808 728 2882 elapsa
741 2807 832 2865 hieme
844 2808 1035 2884 Rhenoburgi
1049 2815 1085 2848 *⁴¹
1099 2814 1206 2877 accidit,

141 2885 321 2956 confirmare,
353 2885 494 2961 simulque
526 2887 670 2962 explicare
701 2907 826 2962 possum.
850 2887 943 2956 Quum
965 2891 1099 2963 quodam
1121 2913 1207 2962 maus,

139 2965 303 3024 lucescente
322 2966 381 3040 jam
403 2968 483 3039 coelc,
505 2987 542 3025 ex
556 2967 666 3025 somnio
681 2967 852 3041 gravissimo
864 2967 1045 3041 evigilarem,
1058 2973 1207 3050 imagines,

142 3065 207 3122 quae
238 3046 307 3103 mihi
337 3046 368 3104 in
388 3047 498 3105 somnio
519 3053 713 3115 occurrerant,
736 3052 795 3105 tam
817 3047 912 3105 vivide
934 3050 970 3106 cb
991 3052 1097 3112 oculos
1119 3074 1208 3114 versa·

141 3128 255 3197 bantur,
288 3146 322 3185 ac
353 3127 378 3184 si
405 3147 453 3185 res
473 3128 596 3186 fuissent
616 3147 704 3197 verae,
726 3131 756 3185 et
776 3128 936 3204 praesertim
958 3129 1115 3204 cujusdam
1138 3133 1209 3210 nigri

141 3211 171 3264 et
192 3206 314 3264 scabiosi
335 3208 498 3276 Brasiliani,
520 3228 605 3284 quem
620 3228 766 3282 nunquam
778 3213 865 3266 antea
878 3208 1014 3268 videram.
1028 3211 1105 3272 Haec
1116 3215 1209 3290 imago

142 3291 253 3360 partem
275 3287 429 3345 maximam
451 3289 625 3364 disparebat,
648 3289 770 3362 quando,
793 3291 826 3345 ut
846 3309 891 3346 me
911 3288 968 3346 alia
979 3308 1011 3346 re
1022 3292 1210 3361 oblectarem,

143 3366 240 3424 oculos
270 3367 300 3424 in
326 3368 431 3426 librum
451 3370 499 3427 vel
519 3369 596 3427 aliud
619 3369 686 3442 quid
707 3369 879 3442 defigebam:
903 3370 1122 3444 quamprimum
1144 3393 1211 3434 vero

144 3500 357 3512 ——-—..-

174 3560 186 3581 ⁰
217 3562 288 3608 Hanc
314 3577 364 3608 non
382 3565 505 3619 fecerunt,
523 3566 567 3610 ssd
585 3565 616 3610 ab
634 3566 689 3624 ipso
707 3564 816 3622 Spinoza
833 3565 927 3610 factam
944 3577 1001 3609 esse
1019 3565 1214 3616 arbitrabantur

144 3625 244 3668 veteres
269 3626 389 3684 editores,
416 3628 623 3686 quandoquidem
648 3629 673 3672 in
698 3628 769 3672 Vcrs.
798 3626 866 3684 Belg.
892 3627 1007 3684 margine
1023 3627 1123 3676 Latina
1140 3633 1215 3679 verba

145 3685 379 3807 affii'fuiiiiipiie-aaut
407 3752 555 3811 l'oorbnrgo
582 3753 677 3797 amicos
702 3752 833 3796 revisurus
858 3751 919 3796 illuc
942 3764 1062 3797 reversus
1086 3761 1155 3813 erat,
1174 3760 1216 3802 aut

145 3810 255 3868 epistola
272 3813 331 3857 anni
350 3814 409 3858 1663
426 3818 473 3860 est.
491 3815 528 3860 of.
547 3828 624 3873 supra
640 3828 697 3872 pag.
715 3814 767 3859 234.
