2662 4298
562 114 699 153 sarsroua
720 116 773 155 ΧΠ.
1141 95 1197 153 231

86 288 287 359 ᾖπορῐθνθῆ
299 281 472 351 nullatenus,
486 301 570 356 quem
577 301 675 339 eorum
681 283 820 340 habemus
826 285 1004 357 conceptum,
1013 281 1198 355 destruendo)

86 362 335 436 3—,leterminare
366 362 503 437 majorem
534 361 731 437 minoremque
757 361 916 437 concipere,
941 365 1030 436 atque
1050 361 1080 419 in
1100 367 1200 438 partes

97 443 262 515 §lividere
282 461 382 518 posse3
405 441 606 501 AEternitatem
622 462 691 501 vero
706 448 736 500 et
747 441 954 512 Substantiam,
967 442 1198 518 quandoquidem

86 544 192 597 :cnon
223 523 279 582 nisi
309 522 429 580 infinitae
451 521 561 597 concipi
581 527 712 597 possunt,
734 522 805 580 nihil
826 542 924 580 eorum
945 522 1006 597 pati
1027 541 1121 597 posse,
1143 521 1199 581 nisi

86 605 219 681 -3simul
240 622 337 661 eorum
359 607 528 677 conceptum
550 603 740 661 destruamus
764 603 860 672 Quare
879 602 900 660 ii
920 622 1039 678 prorsus
1054 603 1196 676 garriunt,

86 704 99 759 g
125 705 168 744 ne
202 684 295 742 dicam
325 682 482 753 insaniunt,
515 682 564 758 qui
595 682 792 741 Substantiam
823 683 980 741 Extensam
1001 702 1036 741 ex
1057 682 1197 758 partibus,

86 765 194 843 ...sive
225 763 394 839 corporibus
424 765 461 820 ab
491 762 613 821 invicem
645 763 764 821 realiter
787 762 938 832 distinctis,
960 763 1114 821 conflatam
1135 782 1199 822 csse

86 916 107 923 ,-
126 849 248 921 putant
271 843 395 901 Perinde
416 843 492 901 enim
510 847 567 913 est,
589 863 624 901 ac
645 843 669 901 si
690 844 756 919 quis
776 863 811 901 ex
832 844 894 901 sola
914 842 1060 901 additione
1081 847 1111 901 et
1131 863 1197 901 coa·

86 969 101 1003 -.·-
128 924 299 985 cervatione
320 924 474 981 multorum
495 924 666 982 circulorum
688 922 869 999 quadratum,
884 928 935 982 aut
948 922 1135 997 triangulum,
1147 929 1199 982 aut

128 1005 202 1082 quid
234 1005 319 1077 aliud,
352 1008 415 1061 tota
446 1003 571 1062 essentia
602 1003 758 1076 diversum,
790 1004 915 1062 conflare
946 1003 1071 1061 studeat.
1104 1003 1199 1072 Quare

89 1128 100 1135 -
129 1085 226 1144 omnis
245 1084 296 1142 illa
315 1085 433 1159 farrago
454 1088 699 1159 argumentorum,
715 1084 819 1160 quibus
829 1083 1028 1142 Substantiam
1041 1083 1198 1141 Extensam

86 1158 97 1231 ,Ϊ
128 1167 244 1224 finitam
277 1184 340 1222 esse
365 1164 517 1222 ostendere
538 1164 705 1240 Philosophi
724 1165 813 1239 vulgo
834 1164 1000 1234 moliuntur,
1021 1183 1075 1221 sua
1095 1168 1198 1238 sponte

86 1306 88 1311 ,
128 1246 208 1305 ruit:
230 1244 334 1303 Omnia
355 1244 430 1302 enim
451 1244 501 1302 illa
522 1245 719 1303 Substantiam
740 1264 907 1320 corpoream
928 1263 963 1302 ex
983 1243 1115 1319 partibus
1133 1263 1200 1302 con·

86 1374 88 1381 ,
131 1328 232 1384 flatam
256 1330 431 1400 supponunt,
452 1325 499 1382 Ad
521 1326 642 1383 eundem
664 1325 751 1384 etiam
771 1325 886 1383 modum
907 1324 964 1395 alii,
976 1323 1034 1399 qui,
1045 1329 1198 1399 postquam

130 1406 187 1464 sibi
218 1409 436 1481 persuaserunt,
468 1405 572 1464 lineam
604 1425 639 1463 ex
659 1405 776 1481 punctis
795 1404 936 1480 componi,
957 1404 1048 1463 multa
1068 1403 1200 1462 invenire

129 1491 293 1562 potuerunt
323 1490 504 1559 argumenta,
537 1485 641 1562 quibus
664 1486 859 1557 ostenderent,
880 1485 985 1543 lineam
1007 1503 1065 1542 non
1086 1504 1149 1542 esse
1169 1484 1199 1542 in

130 1566 277 1624 infinitum
299 1565 479 1624 divisibilem.

175 1646 205 1704 Si
236 1650 334 1703 tamen
365 1665 488 1721 quaeras,
510 1665 562 1703 cur
582 1651 696 1704 naturae
716 1645 841 1721 impulsu
862 1645 934 1704 adeo
955 1643 1090 1720 propensi
1110 1644 1199 1703 simus

132 1727 170 1785 ad
202 1726 384 1784 dividendam
416 1725 608 1784 substantiam
640 1731 801 1796 extensam3
826 1726 863 1784 ad
884 1725 913 1783 id
933 1725 1101 1800 respondeo,
1123 1725 1198 1799 quod

133 1806 284 1883 quantitas
311 1807 422 1864 duobus
442 1805 535 1863 modis
555 1825 573 1863 a
593 1806 677 1864 nobis
697 1805 892 1880 concipiatur:
914 1807 1059 1864 abstracte
1080 1804 1197 1875 scilicet,

133 1888 196 1945 sive
229 1885 456 1962 superficialiter,
488 1890 575 1961 prout
606 1905 660 1961 ope
691 1906 828 1944 sensuum
854 1904 917 1943 eam
941 1884 972 1942 in
992 1884 1199 1958 imaginatione

133 1969 289 2037 habemus;
311 1967 358 2025 vel
379 1974 412 2023 ut
432 1966 603 2038 substantia,
626 1967 701 2041 quod
723 1986 782 2024 non
803 1965 859 2024 nisi
879 1985 897 2023 a
918 1965 977 2022 solo
998 1964 1146 2023 intellectu
1156 1966 1197 2024 fit.

133 2049 247 2122 Itaque,
270 2047 293 2104 si
316 2047 352 2105 ad
374 2046 575 2122 quantitatem,
590 2052 678 2122 prout
689 2051 733 2104 est
745 2046 776 2104 in
785 2045 1002 2120 imaginatione,
1014 2044 1198 2116 attendimus,

101 2128 104 2134 ’
134 2128 211 2202 quod
237 2126 392 2202 sepissime
413 2130 443 2184 et
463 2126 577 2185 facilius
597 2128 639 2195 fit,
660 2147 695 2185 ea
716 2125 875 2196 divisibilis,
897 2124 989 2196 finita,
1011 2144 1048 2183 ex
1068 2123 1200 2200 partibus

134 2207 301 2282 composita,
323 2212 355 2265 et
375 2207 522 2282 multiplex
544 2206 712 2282 reperietur.
736 2206 786 2265 Sin
807 2206 993 2276 adeundam,
1015 2210 1102 2280 prout
1115 2205 1200 2263 estin

134 2288 293 2358 intellectu,
324 2288 518 2356 attendamus,
551 2292 580 2345 et
607 2307 663 2357 res,
685 2292 718 2346 ut
738 2287 768 2345 in
790 2306 820 2344 se
841 2291 894 2357 est,
916 2285 1101 2361 percipiatur,
1123 2286 1199 2361 quod

136 2367 303 2426 difficillime
327 2368 369 2438 fit,
391 2372 462 2438 tum,
484 2373 517 2425 ut
537 2367 610 2426 satis
630 2369 755 2426 antehac
776 2367 829 2426 tibi
850 2365 1054 2436 demonstravi,
1076 2365 1198 2440 infinita,

132 2447 324 2518 indivisibilia,
346 2448 482 2506 et'unica
501 2448 671 2523 reperietur.

173 2529 264 2586 Porro
298 2548 335 2586 ex
366 2547 409 2598 eo,
442 2529 518 2603 quod
550 2528 739 2586 Durationem
771 2532 800 2586 et
822 2526 1021 2597 Quantitatem
1041 2546 1094 2602 pro
1114 2526 1199 2585 libitu

133 2608 326 2666 determinare
347 2627 508 2683 possumus,
530 2608 579 2666 ubi
600 2608 708 2667 scilicet
728 2607 1012 2666 hancaSubstantia
1022 2608 1199 2665 abstractam

133 2688 319 2763 concipimus,
341 2693 371 2746 et
390 2688 467 2746 illam
480 2708 498 2746 a
511 2688 604 2760 modo,
617 2708 672 2763 quo
684 2709 702 2747 a
712 2691 799 2747 rebus
809 2687 926 2747 aeternis
936 2687 1008 2756 fluit,
1020 2706 1197 2762 separamus,

133 2768 225 2826 oritur
257 2769 382 2844 Tempus
413 2773 443 2826 et
473 2769 626 2838 Mensura3
658 2769 784 2844 Tempus
814 2787 916 2842 nempe
942 2767 977 2825 ad
999 2767 1197 2834 Durationem,

133 2850 272 2906 Mensura
303 2850 339 2907 ad
362 2849 560 2918 Quantitatem
581 2848 633 2906 tali
653 2848 737 2906 modo
758 2847 1018 2918 determinandam,
1039 2851 1081 2917 ut,
1103 2847 1198 2922 quoad

133 2928 195 2986 fieri
227 2933 332 3003 potest,
359 2949 409 2987 eas
428 2929 513 2987 facile
532 2928 733 3003 imaginemur.
755 2927 865 2986 Deinde
886 2947 923 2985 ex
944 2947 987 2999 eo,
1009 2927 1084 3001 quod
1105 2927 1198 2985 Affec-

134 3008 228 3066 tioues
250 3008 426 3068 Substantias
447 3012 483 3067 ab
504 3008 567 3084 ipsa
588 3008 758 3067 Substantia
778 3027 953 3083 separamus,
975 3011 1006 3065 et
1026 3008 1062 3065 ad
1083 3006 1197 3078 classes,

133 3094 165 3145 nt
197 3108 247 3146 eas
280 3090 373 3164 quoad
396 3089 458 3146 fieri
479 3094 576 3164 potest
595 3089 679 3147 facile
699 3089 899 3163 imaginemur,
920 3086 1086 3162 redigimus
1108 3087 1202 3145 oritur

134 3169 285 3239 Numerus,
308 3189 365 3245 quo
385 3169 464 3244 ipsas
485 3169 717 3227 determinamus.
739 3170 785 3227 Ex
806 3168 910 3244 quibus
930 3167 1007 3225 clare
1027 3166 1125 3225 videre
1146 3172 1199 3238 est,

132 3250 309 3319 Mansuram,
342 3251 476 3325 Tempus,
509 3254 538 3307 et
563 3250 720 3307 Numerum
741 3248 813 3307 nihil
834 3267 896 3306 esse
916 3252 1023 3323 praeter
1043 3247 1199 3322 cogitandi,

132 3349 182 3387 seu
216 3330 312 3404 potius
343 3329 530 3404 imaginandi.
563 3331 671 3389 modos.
704 3330 799 3399 Quare
830 3349 889 3387 non
919 3327 1023 3386 mirum
1048 3333 1101 3395 est,
1123 3328 1199 3404 qubd

133 3429 240 3478 omues,
274 3409 324 3484 qui
349 3410 489 3468 similibus
509 3409 691 3480 Notionibus‚
713 3415 743 3468 et
764 3409 878 3486 quidem
899 3414 1040 3484 praeterea
1060 3409 1134 3467 male
1153 3408 1199 3466 iu-

133 3489 265 3561 tellectis,
287 3509 472 3565 progressum
493 3490 611 3549 Naturae
625 3490 789 3565 intelligere
799 3488 895 3548 conati
907 3494 983 3558 sunt,
999 3490 1070 3547 adeo
1081 3489 1200 3547 mirifice

132 3588 163 3625 se
194 3569 368 3641 intricarint,
400 3575 434 3628 ut
461 3571 577 3628 tandem
599 3591 629 3628 se
650 3571 792 3630 extricare
813 3569 1006 3644 nequiverint,
1027 3569 1083 3627 nisi
1104 3568 1199 3627 omnia
