<?xml version="1.0" encoding="UTF-8"?>
<!DOCTYPE html PUBLIC "-//W3C//DTD XHTML 1.0 Transitional//EN"
    "http://www.w3.org/TR/xhtml1/DTD/xhtml1-transitional.dtd">
<html xmlns="http://www.w3.org/1999/xhtml" xml:lang="en" lang="en">
 <head>
  <title>
</title>
<meta http-equiv="Content-Type" content="text/html;charset=utf-8" />
  <meta name='ocr-system' content='tesseract 3.04.00' />
  <meta name='ocr-capabilities' content='ocr_page ocr_carea ocr_par ocr_line ocrx_word'/>
</head>
<body>
  <div class='ocr_page' id='page_1' title='image "./operaquotquotre00landgoog_0388.png"; bbox 0 0 2662 4298; ppageno 0'>
   <div class='ocr_carea' id='block_1_1' title="bbox 468 343 1134 402">
    <p class='ocr_par' dir='ltr' id='par_1_1' title="bbox 468 343 1134 402">
     <span class='ocr_line' id='line_1_1' title="bbox 468 343 1134 402; baseline 0.005 -4"><span class='ocrx_word' id='word_1_1' title='bbox 468 361 606 399; x_wconf 75' lang='lat' dir='ltr'>arrsrons</span> <span class='ocrx_word' id='word_1_2' title='bbox 631 361 722 401; x_wconf 82' lang='lat' dir='ltr'>nxvn.</span> <span class='ocrx_word' id='word_1_3' title='bbox 1076 343 1134 402; x_wconf 81' lang='lat'>397</span> 
     </span>
    </p>
   </div>
   <div class='ocr_carea' id='block_1_2' title="bbox 10 490 1134 606">
    <p class='ocr_par' dir='ltr' id='par_1_2' title="bbox 10 490 1134 606">
     <span class='ocr_line' id='line_1_2' title="bbox 1083 490 1089 511; baseline 0 0"><span class='ocrx_word' id='word_1_4' title='bbox 1083 490 1089 511; x_wconf 82' lang='grc' dir='ltr'><em>Ι</em></span> 
     </span>
     <span class='ocr_line' id='line_1_3' title="bbox 10 526 1134 606; baseline 0 -20"><span class='ocrx_word' id='word_1_5' title='bbox 10 566 12 571; x_wconf 92' lang='grc'>-</span> <span class='ocrx_word' id='word_1_6' title='bbox 58 547 128 604; x_wconf 89' lang='lat' dir='ltr'>quae</span> <span class='ocrx_word' id='word_1_7' title='bbox 149 526 179 584; x_wconf 90' lang='lat' dir='ltr'>in</span> <span class='ocrx_word' id='word_1_8' title='bbox 200 527 307 584; x_wconf 90' lang='lat' dir='ltr'>mundo</span> <span class='ocrx_word' id='word_1_9' title='bbox 328 532 405 598; x_wconf 90' lang='lat' dir='ltr'>sunt,</span> <span class='ocrx_word' id='word_1_10' title='bbox 427 531 595 606; x_wconf 84' lang='lat' dir='ltr'>evenerunt,</span> <span class='ocrx_word' id='word_1_11' title='bbox 617 531 668 585; x_wconf 91' lang='lat' dir='ltr'>aut</span> <span class='ocrx_word' id='word_1_12' title='bbox 689 526 834 596; x_wconf 86' lang='lat' dir='ltr'>eveniunt,</span> <span class='ocrx_word' id='word_1_13' title='bbox 857 527 1001 602; x_wconf 88' lang='lat' dir='ltr'>explicare</span> <span class='ocrx_word' id='word_1_14' title='bbox 1021 548 1134 603; x_wconf 86' lang='lat' dir='ltr'>posses,</span> 
     </span>
    </p>
   </div>
   <div class='ocr_carea' id='block_1_3' title="bbox 26 607 1189 3890">
    <p class='ocr_par' dir='ltr' id='par_1_3' title="bbox 26 607 1189 3890">
     <span class='ocr_line' id='line_1_4' title="bbox 56 607 1134 684; baseline 0.001 -18"><span class='ocrx_word' id='word_1_15' title='bbox 56 627 155 683; x_wconf 88' lang='lat' dir='ltr'>neque</span> <span class='ocrx_word' id='word_1_16' title='bbox 177 608 316 665; x_wconf 79' lang='lat' dir='ltr'><strong>audacter</strong></span> <span class='ocrx_word' id='word_1_17' title='bbox 338 627 466 666; x_wconf 82' lang='lat' dir='ltr'>asserere</span> <span class='ocrx_word' id='word_1_18' title='bbox 486 607 538 666; x_wconf 93' lang='lat' dir='ltr'>tibi</span> <span class='ocrx_word' id='word_1_19' title='bbox 559 607 667 681; x_wconf 87' lang='lat' dir='ltr'>liceret,</span> <span class='ocrx_word' id='word_1_20' title='bbox 689 627 753 665; x_wconf 89' lang='lat' dir='ltr'>cum</span> <span class='ocrx_word' id='word_1_21' title='bbox 775 607 880 682; x_wconf 89' lang='lat' dir='ltr'>aliquid</span> <span class='ocrx_word' id='word_1_22' title='bbox 899 607 969 682; x_wconf 90' lang='lat' dir='ltr'>ipsis</span> <span class='ocrx_word' id='word_1_23' title='bbox 981 608 1134 684; x_wconf 87' lang='lat' dir='ltr'>principiis</span> 
     </span>
     <span class='ocr_line' id='line_1_5' title="bbox 55 687 1136 762; baseline 0 -16"><span class='ocrx_word' id='word_1_24' title='bbox 55 689 176 746; x_wconf 88' lang='lat' dir='ltr'>videtur</span> <span class='ocrx_word' id='word_1_25' title='bbox 207 706 378 762; x_wconf 84' lang='lat' dir='ltr'>repugnare,</span> <span class='ocrx_word' id='word_1_26' title='bbox 410 687 479 746; x_wconf 92' lang='lat' dir='ltr'>illud</span> <span class='ocrx_word' id='word_1_27' title='bbox 513 687 619 745; x_wconf 90' lang='lat' dir='ltr'>idcirco</span> <span class='ocrx_word' id='word_1_28' title='bbox 650 707 753 746; x_wconf 88' lang='lat' dir='ltr'>revera</span> <span class='ocrx_word' id='word_1_29' title='bbox 784 687 958 762; x_wconf 89' lang='lat' dir='ltr'>impossibile</span> <span class='ocrx_word' id='word_1_30' title='bbox 990 708 1052 746; x_wconf 89' lang='lat' dir='ltr'>esse</span> <span class='ocrx_word' id='word_1_31' title='bbox 1084 694 1136 746; x_wconf 91' lang='lat' dir='ltr'>aut</span> 
     </span>
     <span class='ocr_line' id='line_1_6' title="bbox 54 767 1133 843; baseline 0 -17"><span class='ocrx_word' id='word_1_32' title='bbox 54 769 173 826; x_wconf 84' lang='lat' dir='ltr'>falsum.</span> <span class='ocrx_word' id='word_1_33' title='bbox 197 767 414 842; x_wconf 75' lang='lat' dir='ltr'>Quamplurima</span> <span class='ocrx_word' id='word_1_34' title='bbox 435 768 509 825; x_wconf 91' lang='lat' dir='ltr'>enim</span> <span class='ocrx_word' id='word_1_35' title='bbox 531 773 607 837; x_wconf 90' lang='lat' dir='ltr'>sunt,</span> <span class='ocrx_word' id='word_1_36' title='bbox 629 767 686 826; x_wconf 93' lang='lat' dir='ltr'>imo</span> <span class='ocrx_word' id='word_1_37' title='bbox 706 768 866 838; x_wconf 92' lang='lat' dir='ltr'>innumera,</span> <span class='ocrx_word' id='word_1_38' title='bbox 889 789 964 843; x_wconf 83' lang='lat' dir='ltr'>quae,</span> <span class='ocrx_word' id='word_1_39' title='bbox 985 768 1009 826; x_wconf 93' lang='lat' dir='ltr'>si</span> <span class='ocrx_word' id='word_1_40' title='bbox 1023 767 1133 843; x_wconf 88' lang='lat' dir='ltr'>aliquid</span> 
     </span>
     <span class='ocr_line' id='line_1_7' title="bbox 58 847 1135 923; baseline 0.001 -17"><span class='ocrx_word' id='word_1_41' title='bbox 58 847 135 906; x_wconf 88' lang='lat' dir='ltr'>certi</span> <span class='ocrx_word' id='word_1_42' title='bbox 157 847 291 921; x_wconf 84' lang='lat' dir='ltr'>cognosci</span> <span class='ocrx_word' id='word_1_43' title='bbox 313 847 439 905; x_wconf 87' lang='lat' dir='ltr'>daturin</span> <span class='ocrx_word' id='word_1_44' title='bbox 450 850 537 907; x_wconf 88' lang='lat' dir='ltr'>rebus</span> <span class='ocrx_word' id='word_1_45' title='bbox 549 848 738 919; x_wconf 91' lang='lat' dir='ltr'>naturalibus,</span> <span class='ocrx_word' id='word_1_46' title='bbox 750 847 895 923; x_wconf 90' lang='lat' dir='ltr'>explicare</span> <span class='ocrx_word' id='word_1_47' title='bbox 906 854 1004 906; x_wconf 91' lang='lat' dir='ltr'>tamen</span> <span class='ocrx_word' id='word_1_48' title='bbox 1016 848 1135 907; x_wconf 88' lang='lat' dir='ltr'>minime</span> 
     </span>
     <span class='ocr_line' id='line_1_8' title="bbox 57 927 1133 1004; baseline 0 -18"><span class='ocrx_word' id='word_1_49' title='bbox 57 927 187 1004; x_wconf 82' lang='lat' dir='ltr'>poteris;</span> <span class='ocrx_word' id='word_1_50' title='bbox 217 928 265 985; x_wconf 87' lang='lat' dir='ltr'>sed</span> <span class='ocrx_word' id='word_1_51' title='bbox 295 947 389 1003; x_wconf 91' lang='lat' dir='ltr'>neque</span> <span class='ocrx_word' id='word_1_52' title='bbox 410 928 525 1004; x_wconf 84' lang='lat' dir='ltr'>quidem</span> <span class='ocrx_word' id='word_1_53' title='bbox 546 933 732 1003; x_wconf 80' lang='lat' dir='ltr'>apparentem</span> <span class='ocrx_word' id='word_1_54' title='bbox 753 928 853 986; x_wconf 86' lang='lat' dir='ltr'>talium</span> <span class='ocrx_word' id='word_1_55' title='bbox 875 929 1133 987; x_wconf 75' lang='lat' dir='ltr'>Phaenomenorum</span> 
     </span>
     <span class='ocr_line' id='line_1_9' title="bbox 59 1007 1134 1084; baseline 0.002 -18"><span class='ocrx_word' id='word_1_56' title='bbox 59 1007 319 1066; x_wconf 79' lang='lat' dir='ltr'>contradictionem</span> <span class='ocrx_word' id='word_1_57' title='bbox 352 1027 414 1065; x_wconf 92' lang='lat' dir='ltr'>cum</span> <span class='ocrx_word' id='word_1_58' title='bbox 447 1010 622 1084; x_wconf 89' lang='lat' dir='ltr'>reliquorum</span> <span class='ocrx_word' id='word_1_59' title='bbox 642 1009 700 1066; x_wconf 88' lang='lat' dir='ltr'>tuis</span> <span class='ocrx_word' id='word_1_60' title='bbox 721 1008 969 1083; x_wconf 88' lang='lat' dir='ltr'>explicationibus,</span> <span class='ocrx_word' id='word_1_61' title='bbox 992 1015 1059 1066; x_wconf 89' lang='lat' dir='ltr'>ate</span> <span class='ocrx_word' id='word_1_62' title='bbox 1081 1028 1134 1083; x_wconf 90' lang='lat' dir='ltr'>pro</span> 
     </span>
     <span class='ocr_line' id='line_1_10' title="bbox 58 1087 1135 1164; baseline 0 -18"><span class='ocrx_word' id='word_1_63' title='bbox 58 1087 228 1146; x_wconf 82' lang='lat' dir='ltr'>certissimis</span> <span class='ocrx_word' id='word_1_64' title='bbox 259 1088 375 1160; x_wconf 90' lang='lat' dir='ltr'>habitis,</span> <span class='ocrx_word' id='word_1_65' title='bbox 408 1089 530 1146; x_wconf 84' lang='lat' dir='ltr'>auferre.</span> <span class='ocrx_word' id='word_1_66' title='bbox 563 1088 678 1146; x_wconf 90' lang='lat' dir='ltr'>Nullum</span> <span class='ocrx_word' id='word_1_67' title='bbox 711 1088 827 1163; x_wconf 90' lang='lat' dir='ltr'>penitus</span> <span class='ocrx_word' id='word_1_68' title='bbox 848 1108 885 1146; x_wconf 87' lang='lat' dir='ltr'>ex</span> <span class='ocrx_word' id='word_1_69' title='bbox 906 1088 964 1146; x_wconf 91' lang='lat' dir='ltr'>tuis</span> <span class='ocrx_word' id='word_1_70' title='bbox 983 1088 1135 1164; x_wconf 80' lang='lat' dir='ltr'>principiis</span> 
     </span>
     <span class='ocr_line' id='line_1_11' title="bbox 26 1167 1132 1244; baseline 0 -18"><span class='ocrx_word' id='word_1_71' title='bbox 26 1210 29 1215; x_wconf 90' lang='lat'>-</span> <span class='ocrx_word' id='word_1_72' title='bbox 57 1167 220 1244; x_wconf 85' lang='lat' dir='ltr'>explicabis</span> <span class='ocrx_word' id='word_1_73' title='bbox 240 1187 347 1238; x_wconf 90' lang='lat' dir='ltr'>eorum,</span> <span class='ocrx_word' id='word_1_74' title='bbox 370 1188 432 1243; x_wconf 76' lang='lat' dir='ltr'>quae</span> <span class='ocrx_word' id='word_1_75' title='bbox 453 1169 483 1226; x_wconf 92' lang='lat' dir='ltr'>in</span> <span class='ocrx_word' id='word_1_76' title='bbox 504 1168 702 1239; x_wconf 85' lang='lat' dir='ltr'>fascinatione,</span> <span class='ocrx_word' id='word_1_77' title='bbox 725 1173 754 1226; x_wconf 90' lang='lat' dir='ltr'>et</span> <span class='ocrx_word' id='word_1_78' title='bbox 774 1168 1049 1243; x_wconf 85' lang='lat' dir='ltr'>praecantationibus</span> <span class='ocrx_word' id='word_1_79' title='bbox 1064 1188 1132 1226; x_wconf 90' lang='lat' dir='ltr'>ver-</span> 
     </span>
     <span class='ocr_line' id='line_1_12' title="bbox 57 1248 1135 1324; baseline 0.001 -18"><span class='ocrx_word' id='word_1_80' title='bbox 57 1251 163 1306; x_wconf 91' lang='lat' dir='ltr'>borum</span> <span class='ocrx_word' id='word_1_81' title='bbox 194 1253 347 1318; x_wconf 90' lang='lat' dir='ltr'>certorum,</span> <span class='ocrx_word' id='word_1_82' title='bbox 380 1250 441 1306; x_wconf 88' lang='lat' dir='ltr'>sola</span> <span class='ocrx_word' id='word_1_83' title='bbox 462 1249 710 1324; x_wconf 86' lang='lat' dir='ltr'>pronunciatione,</span> <span class='ocrx_word' id='word_1_84' title='bbox 733 1253 784 1307; x_wconf 90' lang='lat' dir='ltr'>aut</span> <span class='ocrx_word' id='word_1_85' title='bbox 805 1248 926 1323; x_wconf 87' lang='lat' dir='ltr'>simplici</span> <span class='ocrx_word' id='word_1_86' title='bbox 945 1249 1059 1307; x_wconf 93' lang='lat' dir='ltr'>illorum</span> <span class='ocrx_word' id='word_1_87' title='bbox 1082 1254 1135 1307; x_wconf 87' lang='lat' dir='ltr'>aut</span> 
     </span>
     <span class='ocr_line' id='line_1_13' title="bbox 58 1328 1131 1404; baseline 0.001 -18"><span class='ocrx_word' id='word_1_88' title='bbox 58 1329 260 1386; x_wconf 87' lang='lat' dir='ltr'>characterum</span> <span class='ocrx_word' id='word_1_89' title='bbox 295 1328 325 1386; x_wconf 92' lang='lat' dir='ltr'>in</span> <span class='ocrx_word' id='word_1_90' title='bbox 363 1348 532 1404; x_wconf 89' lang='lat' dir='ltr'>quacunque</span> <span class='ocrx_word' id='word_1_91' title='bbox 566 1328 689 1387; x_wconf 87' lang='lat' dir='ltr'>materia</span> <span class='ocrx_word' id='word_1_92' title='bbox 723 1348 923 1404; x_wconf 86' lang='lat' dir='ltr'>expressorum</span> <span class='ocrx_word' id='word_1_93' title='bbox 959 1329 1131 1404; x_wconf 83' lang='lat' dir='ltr'>gestatione,</span> 
     </span>
     <span class='ocr_line' id='line_1_14' title="bbox 59 1408 1134 1484; baseline -0.001 -17"><span class='ocrx_word' id='word_1_94' title='bbox 59 1408 234 1478; x_wconf 89' lang='lat' dir='ltr'>efficiuntur,</span> <span class='ocrx_word' id='word_1_95' title='bbox 266 1428 319 1466; x_wconf 89' lang='lat' dir='ltr'>nec</span> <span class='ocrx_word' id='word_1_96' title='bbox 352 1429 409 1466; x_wconf 92' lang='lat' dir='ltr'>non</span> <span class='ocrx_word' id='word_1_97' title='bbox 432 1410 689 1467; x_wconf 89' lang='lat' dir='ltr'>Phaenomenorum</span> <span class='ocrx_word' id='word_1_98' title='bbox 709 1410 917 1484; x_wconf 88' lang='lat' dir='ltr'>stupendorum</span> <span class='ocrx_word' id='word_1_99' title='bbox 938 1429 956 1466; x_wconf 89' lang='lat' dir='ltr'>a</span> <span class='ocrx_word' id='word_1_100' title='bbox 976 1409 1134 1468; x_wconf 84' lang='lat' dir='ltr'>Daemoniis</span> 
     </span>
     <span class='ocr_line' id='line_1_15' title="bbox 56 1488 1135 1564; baseline 0 -18"><span class='ocrx_word' id='word_1_101' title='bbox 56 1491 249 1559; x_wconf 85' lang='lat' dir='ltr'>obsessorum,</span> <span class='ocrx_word' id='word_1_102' title='bbox 281 1508 401 1564; x_wconf 89' lang='lat' dir='ltr'>quorum</span> <span class='ocrx_word' id='word_1_103' title='bbox 435 1489 561 1547; x_wconf 90' lang='lat' dir='ltr'>omnium</span> <span class='ocrx_word' id='word_1_104' title='bbox 592 1508 646 1564; x_wconf 88' lang='lat' dir='ltr'>ego</span> <span class='ocrx_word' id='word_1_105' title='bbox 666 1488 728 1564; x_wconf 87' lang='lat' dir='ltr'>ipse</span> <span class='ocrx_word' id='word_1_106' title='bbox 749 1489 832 1548; x_wconf 82' lang='lat' dir='ltr'>varia</span> <span class='ocrx_word' id='word_1_107' title='bbox 853 1490 984 1564; x_wconf 87' lang='lat' dir='ltr'>exempla</span> <span class='ocrx_word' id='word_1_108' title='bbox 1006 1489 1077 1559; x_wconf 91' lang='lat' dir='ltr'>vidi,</span> <span class='ocrx_word' id='word_1_109' title='bbox 1103 1495 1135 1547; x_wconf 89' lang='lat' dir='ltr'>et</span> 
     </span>
     <span class='ocr_line' id='line_1_16' title="bbox 56 1568 1135 1645; baseline 0.002 -19"><span class='ocrx_word' id='word_1_110' title='bbox 56 1569 275 1627; x_wconf 91' lang='lat' dir='ltr'>innumerorum</span> <span class='ocrx_word' id='word_1_111' title='bbox 304 1568 405 1626; x_wconf 90' lang='lat' dir='ltr'>talium</span> <span class='ocrx_word' id='word_1_112' title='bbox 434 1569 593 1628; x_wconf 87' lang='lat' dir='ltr'>certissima</span> <span class='ocrx_word' id='word_1_113' title='bbox 613 1569 778 1628; x_wconf 89' lang='lat' dir='ltr'>testimonia</span> <span class='ocrx_word' id='word_1_114' title='bbox 799 1569 1010 1644; x_wconf 85' lang='lat' dir='ltr'>quamplurium</span> <span class='ocrx_word' id='word_1_115' title='bbox 1030 1589 1135 1645; x_wconf 89' lang='lat' dir='ltr'>perso·</span> 
     </span>
     <span class='ocr_line' id='line_1_17' title="bbox 60 1648 1134 1724; baseline 0 -17"><span class='ocrx_word' id='word_1_116' title='bbox 60 1669 165 1707; x_wconf 89' lang='lat' dir='ltr'>narum</span> <span class='ocrx_word' id='word_1_117' title='bbox 196 1650 252 1706; x_wconf 92' lang='lat' dir='ltr'>fide</span> <span class='ocrx_word' id='word_1_118' title='bbox 284 1648 527 1724; x_wconf 88' lang='lat' dir='ltr'>dignissimarum,</span> <span class='ocrx_word' id='word_1_119' title='bbox 559 1655 589 1708; x_wconf 90' lang='lat' dir='ltr'>et</span> <span class='ocrx_word' id='word_1_120' title='bbox 620 1668 676 1708; x_wconf 92' lang='lat' dir='ltr'>uno</span> <span class='ocrx_word' id='word_1_121' title='bbox 708 1669 757 1708; x_wconf 94' lang='lat' dir='ltr'>ore</span> <span class='ocrx_word' id='word_1_122' title='bbox 778 1649 966 1724; x_wconf 89' lang='lat' dir='ltr'>loquentium,</span> <span class='ocrx_word' id='word_1_123' title='bbox 988 1649 1134 1708; x_wconf 85' lang='lat' dir='ltr'>intellexi.</span> 
     </span>
     <span class='ocr_line' id='line_1_18' title="bbox 57 1729 1133 1805; baseline 0.002 -19"><span class='ocrx_word' id='word_1_124' title='bbox 57 1729 135 1799; x_wconf 82' lang='lat' dir='ltr'>Quid</span> <span class='ocrx_word' id='word_1_125' title='bbox 155 1729 263 1804; x_wconf 92' lang='lat' dir='ltr'>poteris</span> <span class='ocrx_word' id='word_1_126' title='bbox 281 1729 411 1804; x_wconf 85' lang='lat' dir='ltr'>judicare</span> <span class='ocrx_word' id='word_1_127' title='bbox 432 1731 467 1788; x_wconf 93' lang='lat' dir='ltr'>de</span> <span class='ocrx_word' id='word_1_128' title='bbox 488 1749 584 1788; x_wconf 90' lang='lat' dir='ltr'>rerum</span> <span class='ocrx_word' id='word_1_129' title='bbox 604 1731 730 1789; x_wconf 91' lang='lat' dir='ltr'>omnium</span> <span class='ocrx_word' id='word_1_130' title='bbox 742 1729 882 1800; x_wconf 87' lang='lat' dir='ltr'>essentiis,</span> <span class='ocrx_word' id='word_1_131' title='bbox 895 1750 1039 1802; x_wconf 87' lang='lat' dir='ltr'>concesso,</span> <span class='ocrx_word' id='word_1_132' title='bbox 1056 1731 1133 1805; x_wconf 89' lang='lat' dir='ltr'>quod</span> 
     </span>
     <span class='ocr_line' id='line_1_19' title="bbox 56 1809 1136 1884; baseline 0 -16"><span class='ocrx_word' id='word_1_133' title='bbox 56 1810 131 1868; x_wconf 90' lang='lat' dir='ltr'>ideae</span> <span class='ocrx_word' id='word_1_134' title='bbox 163 1809 276 1884; x_wconf 85' lang='lat' dir='ltr'>aliquae,</span> <span class='ocrx_word' id='word_1_135' title='bbox 308 1830 380 1884; x_wconf 90' lang='lat' dir='ltr'>quas</span> <span class='ocrx_word' id='word_1_136' title='bbox 411 1810 442 1868; x_wconf 92' lang='lat' dir='ltr'>in</span> <span class='ocrx_word' id='word_1_137' title='bbox 473 1815 569 1869; x_wconf 91' lang='lat' dir='ltr'>mente</span> <span class='ocrx_word' id='word_1_138' title='bbox 600 1811 698 1881; x_wconf 83' lang='lat' dir='ltr'>babae,</span> <span class='ocrx_word' id='word_1_139' title='bbox 729 1830 826 1869; x_wconf 88' lang='lat' dir='ltr'>rerum</span> <span class='ocrx_word' id='word_1_140' title='bbox 846 1810 967 1868; x_wconf 89' lang='lat' dir='ltr'>istarum</span> <span class='ocrx_word' id='word_1_141' title='bbox 989 1809 1136 1880; x_wconf 85' lang='lat' dir='ltr'>essentiis,</span> 
     </span>
     <span class='ocr_line' id='line_1_20' title="bbox 57 1889 1134 1966; baseline 0.002 -20"><span class='ocrx_word' id='word_1_142' title='bbox 57 1909 181 1965; x_wconf 92' lang='lat' dir='ltr'>quarum</span> <span class='ocrx_word' id='word_1_143' title='bbox 211 1889 282 1948; x_wconf 79' lang='lat' dir='ltr'>ideae</span> <span class='ocrx_word' id='word_1_144' title='bbox 313 1895 382 1948; x_wconf 89' lang='lat' dir='ltr'>sunt</span> <span class='ocrx_word' id='word_1_145' title='bbox 412 1891 579 1966; x_wconf 85' lang='lat' dir='ltr'>adaequatae,</span> <span class='ocrx_word' id='word_1_146' title='bbox 607 1891 806 1954; x_wconf 82' lang='lat' dir='ltr'>conveniant?</span> <span class='ocrx_word' id='word_1_147' title='bbox 836 1910 900 1948; x_wconf 91' lang='lat' dir='ltr'>cum</span> <span class='ocrx_word' id='word_1_148' title='bbox 921 1910 1039 1949; x_wconf 88' lang='lat' dir='ltr'>securus</span> <span class='ocrx_word' id='word_1_149' title='bbox 1060 1909 1134 1948; x_wconf 90' lang='lat' dir='ltr'>nun-</span> 
     </span>
     <span class='ocr_line' id='line_1_21' title="bbox 58 1969 1135 2045; baseline 0.002 -19"><span class='ocrx_word' id='word_1_150' title='bbox 58 1988 147 2045; x_wconf 88' lang='lat' dir='ltr'>quam</span> <span class='ocrx_word' id='word_1_151' title='bbox 178 1989 241 2027; x_wconf 91' lang='lat' dir='ltr'>esse</span> <span class='ocrx_word' id='word_1_152' title='bbox 262 1969 363 2044; x_wconf 88' lang='lat' dir='ltr'>possis,</span> <span class='ocrx_word' id='word_1_153' title='bbox 385 1990 423 2028; x_wconf 88' lang='lat' dir='ltr'>an</span> <span class='ocrx_word' id='word_1_154' title='bbox 444 1970 570 2028; x_wconf 92' lang='lat' dir='ltr'>omnium</span> <span class='ocrx_word' id='word_1_155' title='bbox 591 1990 687 2029; x_wconf 89' lang='lat' dir='ltr'>rerum</span> <span class='ocrx_word' id='word_1_156' title='bbox 708 1975 870 2028; x_wconf 87' lang='lat' dir='ltr'>creatarum</span> <span class='ocrx_word' id='word_1_157' title='bbox 891 1971 963 2029; x_wconf 82' lang='lat' dir='ltr'>ideae</span> <span class='ocrx_word' id='word_1_158' title='bbox 984 1971 1014 2028; x_wconf 94' lang='lat' dir='ltr'>in</span> <span class='ocrx_word' id='word_1_159' title='bbox 1037 1976 1135 2028; x_wconf 90' lang='lat' dir='ltr'>mente</span> 
     </span>
     <span class='ocr_line' id='line_1_22' title="bbox 60 2050 1133 2122; baseline 0 -14"><span class='ocrx_word' id='word_1_160' title='bbox 60 2052 189 2108; x_wconf 91' lang='lat' dir='ltr'>humana</span> <span class='ocrx_word' id='word_1_161' title='bbox 220 2051 383 2108; x_wconf 86' lang='lat' dir='ltr'>habeantur</span> <span class='ocrx_word' id='word_1_162' title='bbox 413 2051 593 2121; x_wconf 86' lang='lat' dir='ltr'>naturaliter,</span> <span class='ocrx_word' id='word_1_163' title='bbox 623 2071 661 2109; x_wconf 89' lang='lat' dir='ltr'>an</span> <span class='ocrx_word' id='word_1_164' title='bbox 682 2070 751 2110; x_wconf 81' lang='lat' dir='ltr'>vero</span> <span class='ocrx_word' id='word_1_165' title='bbox 772 2051 878 2120; x_wconf 86' lang='lat' dir='ltr'>multae,</span> <span class='ocrx_word' id='word_1_166' title='bbox 901 2050 1003 2108; x_wconf 90' lang='lat' dir='ltr'>sinon</span> <span class='ocrx_word' id='word_1_167' title='bbox 1025 2071 1133 2122; x_wconf 91' lang='lat' dir='ltr'>omnes,</span> 
     </span>
     <span class='ocr_line' id='line_1_23' title="bbox 58 2130 1136 2206; baseline -0.001 -17"><span class='ocrx_word' id='word_1_168' title='bbox 58 2131 91 2189; x_wconf 92' lang='lat' dir='ltr'>in</span> <span class='ocrx_word' id='word_1_169' title='bbox 123 2131 223 2188; x_wconf 90' lang='lat' dir='ltr'>eadem</span> <span class='ocrx_word' id='word_1_170' title='bbox 254 2130 374 2205; x_wconf 90' lang='lat' dir='ltr'>produci</span> <span class='ocrx_word' id='word_1_171' title='bbox 404 2130 525 2206; x_wconf 89' lang='lat' dir='ltr'>possint,</span> <span class='ocrx_word' id='word_1_172' title='bbox 555 2137 585 2190; x_wconf 88' lang='lat' dir='ltr'>et</span> <span class='ocrx_word' id='word_1_173' title='bbox 605 2151 708 2190; x_wconf 89' lang='lat' dir='ltr'>revera</span> <span class='ocrx_word' id='word_1_174' title='bbox 727 2132 933 2205; x_wconf 86' lang='lat' dir='ltr'>producantur,</span> <span class='ocrx_word' id='word_1_175' title='bbox 955 2133 992 2189; x_wconf 89' lang='lat' dir='ltr'>ab</span> <span class='ocrx_word' id='word_1_176' title='bbox 1014 2131 1136 2206; x_wconf 83' lang='lat' dir='ltr'>objectis</span> 
     </span>
     <span class='ocr_line' id='line_1_24' title="bbox 59 2209 1134 2287; baseline 0 -18"><span class='ocrx_word' id='word_1_177' title='bbox 59 2209 199 2281; x_wconf 87' lang='lat' dir='ltr'>externis,</span> <span class='ocrx_word' id='word_1_178' title='bbox 229 2229 263 2268; x_wconf 90' lang='lat' dir='ltr'>ac</span> <span class='ocrx_word' id='word_1_179' title='bbox 291 2210 378 2268; x_wconf 89' lang='lat' dir='ltr'>etiam</span> <span class='ocrx_word' id='word_1_180' title='bbox 406 2231 458 2286; x_wconf 92' lang='lat' dir='ltr'>per</span> <span class='ocrx_word' id='word_1_181' title='bbox 478 2211 694 2286; x_wconf 83' lang='lat' dir='ltr'>suggestionem</span> <span class='ocrx_word' id='word_1_182' title='bbox 715 2211 868 2287; x_wconf 88' lang='lat' dir='ltr'>spirituum</span> <span class='ocrx_word' id='word_1_183' title='bbox 889 2214 1029 2269; x_wconf 90' lang='lat' dir='ltr'>bonorum</span> <span class='ocrx_word' id='word_1_184' title='bbox 1047 2212 1134 2269; x_wconf 89' lang='lat' dir='ltr'>malo·</span> 
     </span>
     <span class='ocr_line' id='line_1_25' title="bbox 61 2289 1134 2366; baseline 0.003 -19"><span class='ocrx_word' id='word_1_185' title='bbox 61 2310 174 2365; x_wconf 91' lang='lat' dir='ltr'>rumve,</span> <span class='ocrx_word' id='word_1_186' title='bbox 205 2289 398 2366; x_wconf 90' lang='lat' dir='ltr'>Divinamque</span> <span class='ocrx_word' id='word_1_187' title='bbox 428 2292 634 2350; x_wconf 88' lang='lat' dir='ltr'>revelationem</span> <span class='ocrx_word' id='word_1_188' title='bbox 661 2291 833 2350; x_wconf 87' lang='lat' dir='ltr'>evidentem.</span> <span class='ocrx_word' id='word_1_189' title='bbox 866 2291 1015 2360; x_wconf 79' lang='lat' dir='ltr'>Quomodo</span> <span class='ocrx_word' id='word_1_190' title='bbox 1035 2291 1134 2366; x_wconf 90' lang='lat' dir='ltr'>itaque</span> 
     </span>
     <span class='ocr_line' id='line_1_26' title="bbox 59 2370 1133 2446; baseline -0.001 -17"><span class='ocrx_word' id='word_1_191' title='bbox 59 2389 119 2429; x_wconf 91' lang='lat' dir='ltr'>non</span> <span class='ocrx_word' id='word_1_192' title='bbox 141 2370 293 2429; x_wconf 89' lang='lat' dir='ltr'>consulens</span> <span class='ocrx_word' id='word_1_193' title='bbox 313 2371 432 2429; x_wconf 86' lang='lat' dir='ltr'>aliorum</span> <span class='ocrx_word' id='word_1_194' title='bbox 455 2371 602 2430; x_wconf 93' lang='lat' dir='ltr'>hominum</span> <span class='ocrx_word' id='word_1_195' title='bbox 624 2371 797 2441; x_wconf 89' lang='lat' dir='ltr'>testimonia,</span> <span class='ocrx_word' id='word_1_196' title='bbox 819 2376 849 2429; x_wconf 93' lang='lat' dir='ltr'>et</span> <span class='ocrx_word' id='word_1_197' title='bbox 869 2391 965 2430; x_wconf 91' lang='lat' dir='ltr'>rerum</span> <span class='ocrx_word' id='word_1_198' title='bbox 980 2371 1133 2446; x_wconf 88' lang='lat' dir='ltr'>experien-</span> 
     </span>
     <span class='ocr_line' id='line_1_27' title="bbox 58 2451 1134 2528; baseline 0.002 -20"><span class='ocrx_word' id='word_1_199' title='bbox 58 2451 140 2518; x_wconf 89' lang='lat' dir='ltr'>tiam,</span> <span class='ocrx_word' id='word_1_200' title='bbox 174 2471 210 2508; x_wconf 93' lang='lat' dir='ltr'>ne</span> <span class='ocrx_word' id='word_1_201' title='bbox 241 2451 299 2528; x_wconf 83' lang='lat' dir='ltr'>jam</span> <span class='ocrx_word' id='word_1_202' title='bbox 331 2451 424 2510; x_wconf 89' lang='lat' dir='ltr'>dicam</span> <span class='ocrx_word' id='word_1_203' title='bbox 455 2452 491 2510; x_wconf 89' lang='lat' dir='ltr'>de</span> <span class='ocrx_word' id='word_1_204' title='bbox 518 2452 696 2528; x_wconf 82' lang='lat' dir='ltr'>subjiciendo</span> <span class='ocrx_word' id='word_1_205' title='bbox 717 2456 767 2510; x_wconf 94' lang='lat' dir='ltr'>tuo</span> <span class='ocrx_word' id='word_1_206' title='bbox 786 2451 893 2527; x_wconf 88' lang='lat' dir='ltr'>judicio</span> <span class='ocrx_word' id='word_1_207' title='bbox 915 2451 1134 2526; x_wconf 71' lang='lat' dir='ltr'>omnipotentia</span> 
     </span>
     <span class='ocr_line' id='line_1_28' title="bbox 59 2531 1134 2608; baseline 0.002 -19"><span class='ocrx_word' id='word_1_208' title='bbox 59 2531 183 2602; x_wconf 86' lang='lat' dir='ltr'>Divinae,</span> <span class='ocrx_word' id='word_1_209' title='bbox 206 2551 241 2588; x_wconf 87' lang='lat' dir='ltr'>ex</span> <span class='ocrx_word' id='word_1_210' title='bbox 264 2531 320 2589; x_wconf 92' lang='lat' dir='ltr'>tuis</span> <span class='ocrx_word' id='word_1_211' title='bbox 331 2531 479 2607; x_wconf 87' lang='lat' dir='ltr'>principiis</span> <span class='ocrx_word' id='word_1_212' title='bbox 492 2533 610 2591; x_wconf 90' lang='lat' dir='ltr'>definire</span> <span class='ocrx_word' id='word_1_213' title='bbox 621 2531 741 2608; x_wconf 86' lang='lat' dir='ltr'>praecise</span> <span class='ocrx_word' id='word_1_214' title='bbox 752 2532 869 2607; x_wconf 81' lang='lat' dir='ltr'>poteria,</span> <span class='ocrx_word' id='word_1_215' title='bbox 882 2532 1068 2606; x_wconf 88' lang='lat' dir='ltr'>stabilireque</span> <span class='ocrx_word' id='word_1_216' title='bbox 1079 2552 1134 2607; x_wconf 93' lang='lat' dir='ltr'>pro</span> 
     </span>
     <span class='ocr_line' id='line_1_29' title="bbox 60 2611 1132 2688; baseline 0.001 -19"><span class='ocrx_word' id='word_1_217' title='bbox 60 2615 140 2670; x_wconf 89' lang='lat' dir='ltr'>certo</span> <span class='ocrx_word' id='word_1_218' title='bbox 168 2611 353 2669; x_wconf 86' lang='lat' dir='ltr'>existentiam</span> <span class='ocrx_word' id='word_1_219' title='bbox 380 2613 522 2672; x_wconf 88' lang='lat' dir='ltr'>actualem</span> <span class='ocrx_word' id='word_1_220' title='bbox 543 2618 594 2672; x_wconf 91' lang='lat' dir='ltr'>aut</span> <span class='ocrx_word' id='word_1_221' title='bbox 615 2633 673 2670; x_wconf 90' lang='lat' dir='ltr'>non</span> <span class='ocrx_word' id='word_1_222' title='bbox 695 2612 889 2683; x_wconf 85' lang='lat' dir='ltr'>existentiam,</span> <span class='ocrx_word' id='word_1_223' title='bbox 910 2612 1132 2688; x_wconf 88' lang='lat' dir='ltr'>possibilitatem</span> 
     </span>
     <span class='ocr_line' id='line_1_30' title="bbox 62 2691 1133 2769; baseline 0.002 -21"><span class='ocrx_word' id='word_1_224' title='bbox 62 2696 114 2749; x_wconf 89' lang='lat' dir='ltr'>aut</span> <span class='ocrx_word' id='word_1_225' title='bbox 134 2691 396 2766; x_wconf 89' lang='lat' dir='ltr'>impossibilitatem</span> <span class='ocrx_word' id='word_1_226' title='bbox 418 2692 568 2765; x_wconf 90' lang='lat' dir='ltr'>existendi,</span> <span class='ocrx_word' id='word_1_227' title='bbox 591 2695 694 2752; x_wconf 90' lang='lat' dir='ltr'>harum</span> <span class='ocrx_word' id='word_1_228' title='bbox 715 2713 761 2752; x_wconf 87' lang='lat' dir='ltr'>ex.</span> <span class='ocrx_word' id='word_1_229' title='bbox 784 2693 1133 2769; x_wconf 84' lang='lat' dir='ltr'>gr.sequentium1·erum</span> 
     </span>
     <span class='ocr_line' id='line_1_31' title="bbox 63 2771 1137 2848; baseline 0.002 -20"><span class='ocrx_word' id='word_1_230' title='bbox 63 2771 188 2844; x_wconf 89' lang='lat' dir='ltr'>(scilicet</span> <span class='ocrx_word' id='word_1_231' title='bbox 208 2771 272 2829; x_wconf 89' lang='lat' dir='ltr'>illas</span> <span class='ocrx_word' id='word_1_232' title='bbox 293 2773 340 2830; x_wconf 89' lang='lat' dir='ltr'>vel</span> <span class='ocrx_word' id='word_1_233' title='bbox 362 2772 425 2830; x_wconf 89' lang='lat' dir='ltr'>dari</span> <span class='ocrx_word' id='word_1_234' title='bbox 439 2773 600 2845; x_wconf 85' lang='lat' dir='ltr'>actualiter,</span> <span class='ocrx_word' id='word_1_235' title='bbox 616 2775 661 2832; x_wconf 88' lang='lat' dir='ltr'>vel</span> <span class='ocrx_word' id='word_1_236' title='bbox 677 2793 735 2831; x_wconf 91' lang='lat' dir='ltr'>non</span> <span class='ocrx_word' id='word_1_237' title='bbox 752 2773 822 2841; x_wconf 90' lang='lat' dir='ltr'>dari,</span> <span class='ocrx_word' id='word_1_238' title='bbox 839 2778 890 2832; x_wconf 92' lang='lat' dir='ltr'>aut</span> <span class='ocrx_word' id='word_1_239' title='bbox 903 2793 987 2848; x_wconf 88' lang='lat' dir='ltr'>posse</span> <span class='ocrx_word' id='word_1_240' title='bbox 1002 2773 1073 2844; x_wconf 88' lang='lat' dir='ltr'>dari,</span> <span class='ocrx_word' id='word_1_241' title='bbox 1090 2774 1137 2831; x_wconf 91' lang='lat' dir='ltr'>vel</span> 
     </span>
     <span class='ocr_line' id='line_1_32' title="bbox 63 2851 1135 2928; baseline 0.002 -19"><span class='ocrx_word' id='word_1_242' title='bbox 63 2871 123 2909; x_wconf 92' lang='lat' dir='ltr'>non</span> <span class='ocrx_word' id='word_1_243' title='bbox 144 2871 230 2926; x_wconf 90' lang='lat' dir='ltr'>posse</span> <span class='ocrx_word' id='word_1_244' title='bbox 251 2851 313 2909; x_wconf 90' lang='lat' dir='ltr'>dari</span> <span class='ocrx_word' id='word_1_245' title='bbox 333 2852 364 2910; x_wconf 92' lang='lat' dir='ltr'>in</span> <span class='ocrx_word' id='word_1_246' title='bbox 384 2854 491 2911; x_wconf 90' lang='lat' dir='ltr'>Rerum</span> <span class='ocrx_word' id='word_1_247' title='bbox 512 2853 645 2927; x_wconf 81' lang='lat' dir='ltr'>Natura),</span> <span class='ocrx_word' id='word_1_248' title='bbox 668 2853 711 2912; x_wconf 91' lang='lat' dir='ltr'>uti</span> <span class='ocrx_word' id='word_1_249' title='bbox 732 2858 800 2911; x_wconf 91' lang='lat' dir='ltr'>sunt</span> <span class='ocrx_word' id='word_1_250' title='bbox 819 2853 903 2928; x_wconf 90' lang='lat' dir='ltr'>virga</span> <span class='ocrx_word' id='word_1_251' title='bbox 917 2853 1084 2928; x_wconf 90' lang='lat' dir='ltr'>probatoria</span> <span class='ocrx_word' id='word_1_252' title='bbox 1099 2853 1135 2911; x_wconf 90' lang='lat' dir='ltr'>ad</span> 
     </span>
     <span class='ocr_line' id='line_1_33' title="bbox 63 2933 1137 3008; baseline 0.002 -20"><span class='ocrx_word' id='word_1_253' title='bbox 63 2933 256 3006; x_wconf 88' lang='lat' dir='ltr'>detegendum</span> <span class='ocrx_word' id='word_1_254' title='bbox 279 2933 396 2990; x_wconf 87' lang='lat' dir='ltr'>metalla</span> <span class='ocrx_word' id='word_1_255' title='bbox 419 2938 448 2991; x_wconf 88' lang='lat' dir='ltr'>et</span> <span class='ocrx_word' id='word_1_256' title='bbox 470 2953 560 3008; x_wconf 87' lang='lat' dir='ltr'>aquas</span> <span class='ocrx_word' id='word_1_257' title='bbox 578 2936 796 3003; x_wconf 83' lang='lat' dir='ltr'>subterraneas;</span> <span class='ocrx_word' id='word_1_258' title='bbox 808 2933 891 3008; x_wconf 88' lang='lat' dir='ltr'>lapis,</span> <span class='ocrx_word' id='word_1_259' title='bbox 904 2953 988 3008; x_wconf 89' lang='lat' dir='ltr'>quem</span> <span class='ocrx_word' id='word_1_260' title='bbox 1001 2938 1137 3008; x_wconf 85' lang='lat' dir='ltr'>quaerunt</span> 
     </span>
     <span class='ocr_line' id='line_1_34' title="bbox 62 3012 1134 3088; baseline 0.002 -20"><span class='ocrx_word' id='word_1_261' title='bbox 62 3012 269 3086; x_wconf 84' lang='lat' dir='ltr'>Alchymistae;</span> <span class='ocrx_word' id='word_1_262' title='bbox 294 3012 426 3087; x_wconf 89' lang='lat' dir='ltr'>potentia</span> <span class='ocrx_word' id='word_1_263' title='bbox 439 3016 593 3072; x_wconf 90' lang='lat' dir='ltr'>verborum</span> <span class='ocrx_word' id='word_1_264' title='bbox 605 3018 634 3073; x_wconf 91' lang='lat' dir='ltr'>et</span> <span class='ocrx_word' id='word_1_265' title='bbox 645 3014 859 3084; x_wconf 80' lang='lat' dir='ltr'>characterum3</span> <span class='ocrx_word' id='word_1_266' title='bbox 872 3012 1068 3088; x_wconf 90' lang='lat' dir='ltr'>apparitiones</span> <span class='ocrx_word' id='word_1_267' title='bbox 1079 3013 1134 3088; x_wconf 92' lang='lat' dir='ltr'>spi-</span> 
     </span>
     <span class='ocr_line' id='line_1_35' title="bbox 61 3088 1189 3169; baseline 0.001 -20"><span class='ocrx_word' id='word_1_268' title='bbox 61 3091 170 3150; x_wconf 90' lang='lat' dir='ltr'>rituum</span> <span class='ocrx_word' id='word_1_269' title='bbox 191 3092 336 3150; x_wconf 87' lang='lat' dir='ltr'>variorum</span> <span class='ocrx_word' id='word_1_270' title='bbox 358 3097 418 3150; x_wconf 89' lang='lat' dir='ltr'>tarn</span> <span class='ocrx_word' id='word_1_271' title='bbox 437 3095 575 3152; x_wconf 92' lang='lat' dir='ltr'>bonorum</span> <span class='ocrx_word' id='word_1_272' title='bbox 604 3113 691 3169; x_wconf 89' lang='lat' dir='ltr'>quam</span> <span class='ocrx_word' id='word_1_273' title='bbox 701 3093 850 3160; x_wconf 91' lang='lat' dir='ltr'>malorum,</span> <span class='ocrx_word' id='word_1_274' title='bbox 863 3093 1075 3167; x_wconf 88' lang='lat' dir='ltr'>eorundemque</span> <span class='ocrx_word' id='word_1_275' title='bbox 1086 3112 1135 3168; x_wconf 93' lang='lat' dir='ltr'>po·</span> <span class='ocrx_word' id='word_1_276' title='bbox 1186 3088 1189 3096; x_wconf 84' lang='grc'><strong>’</strong></span> 
     </span>
     <span class='ocr_line' id='line_1_36' title="bbox 60 3172 1133 3249; baseline 0.001 -20"><span class='ocrx_word' id='word_1_277' title='bbox 60 3173 163 3242; x_wconf 90' lang='lat' dir='ltr'>tentia,</span> <span class='ocrx_word' id='word_1_278' title='bbox 187 3172 315 3243; x_wconf 91' lang='lat' dir='ltr'>scientia,</span> <span class='ocrx_word' id='word_1_279' title='bbox 337 3177 367 3231; x_wconf 89' lang='lat' dir='ltr'>et</span> <span class='ocrx_word' id='word_1_280' title='bbox 387 3174 552 3248; x_wconf 87' lang='lat' dir='ltr'>occupatio;</span> <span class='ocrx_word' id='word_1_281' title='bbox 576 3175 797 3249; x_wconf 86' lang='lat' dir='ltr'>repraesentatio</span> <span class='ocrx_word' id='word_1_282' title='bbox 813 3174 978 3248; x_wconf 86' lang='lat' dir='ltr'>plantarum</span> <span class='ocrx_word' id='word_1_283' title='bbox 991 3174 1133 3230; x_wconf 91' lang='lat' dir='ltr'>etflorum</span> 
     </span>
     <span class='ocr_line' id='line_1_37' title="bbox 60 3252 1134 3328; baseline 0.001 -19"><span class='ocrx_word' id='word_1_284' title='bbox 60 3253 91 3310; x_wconf 92' lang='lat' dir='ltr'>in</span> <span class='ocrx_word' id='word_1_285' title='bbox 113 3253 215 3310; x_wconf 88' lang='lat' dir='ltr'>Phiala</span> <span class='ocrx_word' id='word_1_286' title='bbox 235 3253 330 3311; x_wconf 87' lang='lat' dir='ltr'>vitrea</span> <span class='ocrx_word' id='word_1_287' title='bbox 351 3259 416 3328; x_wconf 90' lang='lat' dir='ltr'>post</span> <span class='ocrx_word' id='word_1_288' title='bbox 431 3253 543 3312; x_wconf 90' lang='lat' dir='ltr'>illarum</span> <span class='ocrx_word' id='word_1_289' title='bbox 557 3253 800 3324; x_wconf 68' lang='lat' dir='ltr'>combustionem</span> <span class='ocrx_word' id='word_1_290' title='bbox 814 3253 953 3328; x_wconf 72' lang='lat' dir='ltr'>Syrenas,</span> <span class='ocrx_word' id='word_1_291' title='bbox 967 3252 1134 3312; x_wconf 92' lang='lat' dir='ltr'>homunculi</span> 
     </span>
     <span class='ocr_line' id='line_1_38' title="bbox 61 3332 1134 3408; baseline 0 -18"><span class='ocrx_word' id='word_1_292' title='bbox 61 3332 92 3390; x_wconf 91' lang='lat' dir='ltr'>in</span> <span class='ocrx_word' id='word_1_293' title='bbox 123 3332 241 3390; x_wconf 90' lang='lat' dir='ltr'>mineris</span> <span class='ocrx_word' id='word_1_294' title='bbox 271 3333 376 3408; x_wconf 87' lang='lat' dir='ltr'>saepius</span> <span class='ocrx_word' id='word_1_295' title='bbox 403 3353 475 3404; x_wconf 89' lang='lat' dir='ltr'>sese,</span> <span class='ocrx_word' id='word_1_296' title='bbox 497 3339 530 3392; x_wconf 92' lang='lat' dir='ltr'>ut</span> <span class='ocrx_word' id='word_1_297' title='bbox 550 3335 653 3406; x_wconf 87' lang='lat' dir='ltr'>fertur,</span> <span class='ocrx_word' id='word_1_298' title='bbox 676 3334 877 3404; x_wconf 66' lang='lat' dir='ltr'>ostendentes,</span> <span class='ocrx_word' id='word_1_299' title='bbox 900 3332 1081 3408; x_wconf 89' lang='lat' dir='ltr'>Antipathiae</span> <span class='ocrx_word' id='word_1_300' title='bbox 1103 3338 1134 3390; x_wconf 89' lang='lat' dir='ltr'>et</span> 
     </span>
     <span class='ocr_line' id='line_1_39' title="bbox 63 3412 1136 3489; baseline 0 -19"><span class='ocrx_word' id='word_1_301' title='bbox 63 3413 242 3488; x_wconf 83' lang='lat' dir='ltr'>Sympathiae</span> <span class='ocrx_word' id='word_1_302' title='bbox 273 3433 370 3472; x_wconf 90' lang='lat' dir='ltr'>rerum</span> <span class='ocrx_word' id='word_1_303' title='bbox 401 3415 691 3489; x_wconf 65' lang='lat' dir='ltr'>quamplurimarum</span> <span class='ocrx_word' id='word_1_304' title='bbox 718 3412 983 3488; x_wconf 88' lang='lat' dir='ltr'>Impenetrabilitas</span> <span class='ocrx_word' id='word_1_305' title='bbox 1006 3413 1136 3487; x_wconf 89' lang='lat' dir='ltr'>corporis</span> 
     </span>
     <span class='ocr_line' id='line_1_40' title="bbox 63 3492 1136 3569; baseline 0 -19"><span class='ocrx_word' id='word_1_306' title='bbox 63 3492 197 3563; x_wconf 75' lang='lat' dir='ltr'>humani,</span> <span class='ocrx_word' id='word_1_307' title='bbox 229 3498 306 3552; x_wconf 80' lang='lat' dir='ltr'>etc?</span> <span class='ocrx_word' id='word_1_308' title='bbox 337 3493 416 3552; x_wconf 90' lang='lat' dir='ltr'>Nihil</span> <span class='ocrx_word' id='word_1_309' title='bbox 446 3513 575 3569; x_wconf 88' lang='lat' dir='ltr'>prorsus,</span> <span class='ocrx_word' id='word_1_310' title='bbox 607 3494 645 3553; x_wconf 93' lang='lat' dir='ltr'>mi</span> <span class='ocrx_word' id='word_1_311' title='bbox 680 3494 865 3569; x_wconf 86' lang='lat' dir='ltr'>Philosophe,</span> <span class='ocrx_word' id='word_1_312' title='bbox 896 3493 1008 3551; x_wconf 87' lang='lat' dir='ltr'>etiamsi</span> <span class='ocrx_word' id='word_1_313' title='bbox 1033 3492 1136 3550; x_wconf 88' lang='lat' dir='ltr'>millies</span> 
     </span>
     <span class='ocr_line' id='line_1_41' title="bbox 63 3572 1133 3650; baseline 0 -20"><span class='ocrx_word' id='word_1_314' title='bbox 63 3572 212 3631; x_wconf 87' lang='lat' dir='ltr'>subtiliore</span> <span class='ocrx_word' id='word_1_315' title='bbox 243 3579 272 3632; x_wconf 89' lang='lat' dir='ltr'>et</span> <span class='ocrx_word' id='word_1_316' title='bbox 299 3573 436 3645; x_wconf 86' lang='lat' dir='ltr'>acutiore,</span> <span class='ocrx_word' id='word_1_317' title='bbox 459 3594 544 3649; x_wconf 90' lang='lat' dir='ltr'>quam</span> <span class='ocrx_word' id='word_1_318' title='bbox 566 3576 664 3650; x_wconf 86' lang='lat' dir='ltr'>polles,</span> <span class='ocrx_word' id='word_1_319' title='bbox 686 3573 804 3648; x_wconf 89' lang='lat' dir='ltr'>ingenio</span> <span class='ocrx_word' id='word_1_320' title='bbox 825 3574 1008 3649; x_wconf 86' lang='lat' dir='ltr'>praevaleres,</span> <span class='ocrx_word' id='word_1_321' title='bbox 1031 3574 1133 3631; x_wconf 89' lang='lat' dir='ltr'>horum</span> 
     </span>
     <span class='ocr_line' id='line_1_42' title="bbox 63 3653 1135 3729; baseline -0.001 -18"><span class='ocrx_word' id='word_1_322' title='bbox 63 3653 204 3711; x_wconf 88' lang='lat' dir='ltr'>dictorum</span> <span class='ocrx_word' id='word_1_323' title='bbox 225 3654 334 3729; x_wconf 88' lang='lat' dir='ltr'>poteris</span> <span class='ocrx_word' id='word_1_324' title='bbox 354 3654 562 3725; x_wconf 85' lang='lat' dir='ltr'>determinare3</span> <span class='ocrx_word' id='word_1_325' title='bbox 585 3655 658 3713; x_wconf 91' lang='lat' dir='ltr'>etsi</span> <span class='ocrx_word' id='word_1_326' title='bbox 680 3654 734 3713; x_wconf 89' lang='lat' dir='ltr'>soli</span> <span class='ocrx_word' id='word_1_327' title='bbox 754 3654 913 3712; x_wconf 90' lang='lat' dir='ltr'>intellectui</span> <span class='ocrx_word' id='word_1_328' title='bbox 934 3659 984 3711; x_wconf 93' lang='lat' dir='ltr'>tuo</span> <span class='ocrx_word' id='word_1_329' title='bbox 1005 3654 1035 3711; x_wconf 92' lang='lat' dir='ltr'>in</span> <span class='ocrx_word' id='word_1_330' title='bbox 1055 3653 1135 3710; x_wconf 88' lang='lat' dir='ltr'>hisce</span> 
     </span>
     <span class='ocr_line' id='line_1_43' title="bbox 63 3733 1136 3810; baseline -0.001 -20"><span class='ocrx_word' id='word_1_331' title='bbox 63 3739 92 3791; x_wconf 92' lang='lat' dir='ltr'>et</span> <span class='ocrx_word' id='word_1_332' title='bbox 112 3733 253 3792; x_wconf 89' lang='lat' dir='ltr'>similibus</span> <span class='ocrx_word' id='word_1_333' title='bbox 274 3734 464 3810; x_wconf 87' lang='lat' dir='ltr'>dijudicandis</span> <span class='ocrx_word' id='word_1_334' title='bbox 485 3735 613 3806; x_wconf 91' lang='lat' dir='ltr'>confidis,</span> <span class='ocrx_word' id='word_1_335' title='bbox 637 3740 716 3793; x_wconf 90' lang='lat' dir='ltr'>certe</span> <span class='ocrx_word' id='word_1_336' title='bbox 737 3736 836 3792; x_wconf 91' lang='lat' dir='ltr'>eodem</span> <span class='ocrx_word' id='word_1_337' title='bbox 857 3735 940 3791; x_wconf 90' lang='lat' dir='ltr'>modo</span> <span class='ocrx_word' id='word_1_338' title='bbox 952 3734 1012 3808; x_wconf 87' lang='lat' dir='ltr'>jam</span> <span class='ocrx_word' id='word_1_339' title='bbox 1024 3733 1136 3807; x_wconf 86' lang='lat' dir='ltr'>cogitas</span> 
     </span>
     <span class='ocr_line' id='line_1_44' title="bbox 64 3812 1137 3890; baseline -0.002 -19"><span class='ocrx_word' id='word_1_340' title='bbox 64 3814 99 3871; x_wconf 89' lang='lat' dir='ltr'>do</span> <span class='ocrx_word' id='word_1_341' title='bbox 131 3813 195 3887; x_wconf 91' lang='lat' dir='ltr'>illis,</span> <span class='ocrx_word' id='word_1_342' title='bbox 231 3834 295 3889; x_wconf 86' lang='lat' dir='ltr'>quae</span> <span class='ocrx_word' id='word_1_343' title='bbox 325 3815 379 3872; x_wconf 91' lang='lat' dir='ltr'>tibi</span> <span class='ocrx_word' id='word_1_344' title='bbox 411 3813 560 3890; x_wconf 89' lang='lat' dir='ltr'>incognita</span> <span class='ocrx_word' id='word_1_345' title='bbox 591 3819 642 3873; x_wconf 91' lang='lat' dir='ltr'>aut</span> <span class='ocrx_word' id='word_1_346' title='bbox 664 3815 842 3890; x_wconf 88' lang='lat' dir='ltr'>incomperta</span> <span class='ocrx_word' id='word_1_347' title='bbox 863 3819 939 3885; x_wconf 88' lang='lat' dir='ltr'>sunt,</span> <span class='ocrx_word' id='word_1_348' title='bbox 961 3833 996 3871; x_wconf 92' lang='lat' dir='ltr'>ac</span> <span class='ocrx_word' id='word_1_349' title='bbox 1016 3812 1137 3888; x_wconf 90' lang='lat' dir='ltr'>proinde</span> 
     </span>
    </p>
   </div>
   <div class='ocr_carea' id='block_1_4' title="bbox 0 0 1339 4298">
    <p class='ocr_par' dir='ltr' id='par_1_4' title="bbox 0 0 1339 4298">
     <span class='ocr_line' id='line_1_45' title="bbox 0 0 1339 4298; baseline 0 0"><span class='ocrx_word' id='word_1_350' title='bbox 0 0 1339 4298; x_wconf 95' lang='lat' dir='ltr'> </span> 
     </span>
    </p>
   </div>
  </div>
 </body>
</html>
