2662 4298
489 120 628 160 rrrsroua
650 121 712 159 xur.
1077 103 1135 161 253

65 293 184 364 gratum
206 285 276 344 mihi
297 290 326 343 et
346 285 534 361 imposterum
555 286 686 344 futurum
707 285 754 357 sit,
770 285 948 344 occasionem
959 287 1087 346 nancisci
1098 289 1134 346 ad

10 376 19 406 '-
64 387 162 428 meum
186 366 240 424 tibi
261 365 384 424 officium
404 366 613 441 praestandum.

107 449 148 506 Ut
170 452 266 505 autem
287 451 460 522 praesentem
482 451 604 522 captem,
625 445 745 522 propius
766 447 909 516 accedam,
933 451 962 504 et
983 448 1020 505 ad
1036 447 1135 518 Quaes-

10 540 14 545 '
64 528 177 588 tionem
198 532 279 585 tuam
300 527 488 602 respondebo,
511 547 576 602 quae
597 527 627 584 iu
649 545 681 584 eo
704 525 829 585 vertitur
850 527 976 599 cardine,
989 527 1133 599 nimirum,

66 609 149 680 Quod
182 608 258 666 clare
288 605 423 665 videatur
453 606 542 682 sequi,
575 611 636 664 tam
657 627 694 665 ex
715 606 769 665 Dei
790 607 986 680 Providentia,
1009 627 1075 684 quae
1096 611 1133 667 ab

14 712 22 717 ·
64 689 129 764 ejus
160 688 318 745 Voluntate
350 707 408 745 non
432 686 537 756 differt,
559 707 645 762 quam
666 707 703 745 cx
724 687 778 745 Dei
799 686 955 760 Concursu,
978 707 1133 766 rerumque

64 768 219 828 Oreatione
241 767 386 839 continua,
408 768 456 825 vel
476 768 555 826 nulla
576 767 639 826 dari
658 772 780 843 peccata
800 768 947 827 nullumve
959 769 1074 841 malum,
1086 770 1134 827 vel

64 850 160 908 Deum
195 867 229 906 ea
262 852 380 923 peccata
402 852 488 922 atque
508 846 578 906 illud
600 847 705 905 malum
727 847 849 907 efficere.
870 849 979 907 Verum
1001 869 1060 908 non
1082 869 1134 908 ex·

64 929 165 1006 plicas,
199 928 267 1004 quid
298 947 349 1004 per
370 928 477 986 malum
497 927 653 1002 intelligas,
676 932 705 986 et
726 932 865 1003 quantum
887 947 924 986 ex
945 930 1076 1004 exemplo
1098 930 1134 988 de

65 1008 259 1068 determinata
279 1008 430 1066 voluntate
451 1007 556 1066 Adami
576 1007 738 1084 perspicere
753 1008 829 1078 licet,
845 1008 952 1066 videris
963 1028 1015 1084 per
1026 1009 1133 1067 malum

63 1089 228 1164 intelligere
258 1089 350 1164 ipsam
381 1089 570 1159 voluntatem,
599 1092 743 1164 quatenus
763 1088 816 1146 tali
835 1089 920 1146 modo
941 1089 1133 1148 determinata

64 1169 274 1245 conciperetur,
297 1169 344 1227 vel
365 1173 508 1244 quatenus
522 1168 576 1227 Dei
590 1168 727 1227 mandato
738 1173 924 1244 repugnaret,
938 1173 968 1227 et
979 1174 1134 1244 propterea

64 1248 118 1321 ais,
141 1269 278 1324 magnam
299 1268 362 1308 esse
383 1248 591 1307 absurditatem
612 1251 658 1323 (ut
679 1254 708 1307 et
729 1268 793 1323 ego,
808 1249 831 1306 si
847 1248 1131 1323 seitareshaberet)

65 1331 239 1389 alterutrum
260 1331 362 1388 horum
383 1333 520 1399 statuere,
542 1348 654 1404 nempe,
675 1329 768 1387 Deum
782 1329 876 1405 ipsum
887 1348 943 1401 res,
955 1348 1019 1404 quae
1032 1334 1133 1388 contra

64 1430 149 1470 suam
169 1410 349 1468 voluntatem
370 1414 446 1479 sunt,
469 1408 591 1485 operari,
614 1409 659 1467 vel
681 1429 730 1468 eas
750 1411 842 1467 bonas
862 1409 932 1480 fore,
954 1409 1132 1468 licetvolun·

10 1496 13 1501 '
64 1491 122 1549 tati
142 1490 197 1548 Dei
219 1496 424 1566 repugnarent.
448 1490 548 1560 Quoad
569 1509 624 1561 me,
640 1509 698 1548 non
707 1509 825 1565 possum
836 1491 1001 1562 concedere,
1012 1496 1133 1566 peccata

65 1576 97 1630 et
127 1572 234 1629 malum
265 1569 332 1646 quid
359 1569 516 1646 positivum
537 1589 609 1640 esse,
630 1571 721 1628 multo
742 1570 845 1644 minus,
867 1569 976 1646 aliquid
998 1590 1061 1629 esse
1081 1575 1132 1629 aut

62 1651 128 1710 fieri
159 1655 261 1709 contra
291 1649 345 1708 Dei
367 1651 555 1709 voluntatem.
577 1651 704 1709 Econtra
725 1650 798 1720 dico,
821 1670 878 1708 non
900 1651 992 1709 solum
1012 1656 1133 1726 peccata

10 1752 14 1759 ·
63 1751 123 1789 non
155 1751 217 1790 esse
249 1730 316 1806 quid
347 1731 512 1806 positivum,
543 1750 644 1788 verum
672 1730 760 1789 etiam
780 1731 902 1801 affirmo,
924 1750 977 1789 nos
997 1750 1055 1789 non
1076 1730 1133 1788 nisi

62 1811 220 1888 improprie
249 1812 296 1869 vel
327 1812 453 1870 humano
485 1829 564 1868 more
592 1811 735 1886 loquendo
756 1810 851 1869 dicere
870 1830 964 1886 posse,
987 1829 1132 1886 neserga

62 1893 157 1951 Deum
177 1911 306 1967 peccare,
328 1896 362 1949 ut
382 1910 446 1949 cum
468 1890 596 1960 dicimus,
618 1890 748 1949 homines
769 1890 861 1949 Deum
883 1891 1036 1950 offendere.

103 1971 186 2042 Nam,
208 1970 427 2050 primumquod
450 1975 572 2047 spectat,
594 1971 736 2041 novimus,
759 1969 893 2046 quicquid
915 1975 968 2041 est,
984 1969 1132 2030 ineecon·

10 2062 12 2068 '
62 2052 222 2111 sideratum
254 2052 315 2110 sine
336 2056 470 2128 respectu
491 2052 528 2110 ad
551 2051 628 2109 aliud
650 2050 727 2126 quid,
749 2050 955 2126 perfectionem
976 2051 1130 2124 includere,

63 2153 129 2208 quae
160 2152 222 2190 sese
244 2151 277 2190 eo
298 2151 390 2208 usque
411 2131 442 2189 in
463 2150 633 2207 quacunque
654 2150 685 2189 re
707 2130 847 2200 extendit,
871 2151 927 2207 quo
948 2151 979 2190 se
1001 2130 1133 2190 extendit

61 2213 126 2289 ipsa
157 2212 199 2270 rei
231 2211 370 2271 essentia:
403 2231 470 2270 nam
501 2211 626 2270 essentia
657 2211 744 2269 etiam
765 2210 838 2270 nihil
858 2212 935 2270 aliud
957 2216 1010 2270 est.
1033 2212 1128 2281 Sumo,

64 2293 189 2368 exempli
210 2293 315 2367 gratia,
338 2292 488 2351 consilium
509 2291 571 2351 sive
592 2291 813 2351 determinatam
835 2290 939 2350 Adami
951 2293 1130 2351 voluntatem

64 2375 101 2432 ad
123 2373 265 2432 edendum
286 2374 321 2432 de
342 2373 438 2431 fructu
459 2372 623 2448 prohibito:
645 2373 701 2430 hoc
722 2372 881 2444 consilium,
904 2372 965 2432 sive
978 2373 1028 2431 illa
1039 2373 1131 2431 deter-

62 2454 173 2511 minata
192 2455 337 2523 voluntas,
358 2452 389 2511 in
410 2473 441 2511 se
461 2453 524 2511 sola
545 2453 727 2512 considerata
747 2458 861 2512 tantum
882 2453 1067 2528 perfectionis
1089 2453 1131 2511 in·‘

63 2533 161 2603 cludit,
185 2538 326 2610 quantum
346 2533 490 2592 realitatis
510 2533 714 2608 exprimit;·et
734 2535 789 2592 hoc
809 2533 876 2592 inde
887 2533 1011 2609 intelligi
1023 2538 1130 2610 potest,

62 2634 174 2690 nempe,
197 2614 272 2689 quod
292 2614 322 2671 in
344 2617 430 2672 rebus
441 2613 548 2672 nullam
559 2613 804 2689 imperfectionem
814 2613 957 2689 possimus
968 2614 1127 2689 concipere,

62 2694 118 2752 nisi
143 2695 188 2752 >ad
219 2694 292 2752 alias
324 2713 371 2752 res
403 2695 596 2765 attendamus,
622 2713 685 2768 quae
706 2694 771 2768 plus
792 2695 901 2752 habent
921 2694 1078 2763 realitatis;
1101 2698 1130 2752 et

62 2780 217 2850 propterea
248 2773 279 2832 in
300 2773 406 2832 Adami
427 2774 551 2845 decreto,
574 2774 689 2849 quando
710 2773 780 2832 illud
801 2773 832 2831 in
853 2793 883 2831 se
905 2774 1129 2845 consideramus,

62 2874 116 2913 nec
137 2875 202 2913 cum
223 2854 287 2912 aliis
307 2853 538 2930 perfectioribus,
559 2853 798 2928 perfectioremve
820 2858 928 2912 statum
950 2853 1129 2913 ostendenti·

62 2937 124 3010 bue,
157 2953 366 3010 comparamus,
397 2935 506 2992 nullam
536 2933 695 3009 poterimus
714 2932 846 2992 invenire
865 2933 1128 3010 imperfectionem3

61 3015 118 3073 imo
140 3035 204 3073 cum
225 3014 348 3073 infinitis
369 3014 432 3072 aliis
453 3033 620 3090 comparare
641 3018 775 3089 respectu
795 3013 872 3071 illius
891 3014 979 3090 longe
992 3013 1129 3090 perfecti-

62 3096 168 3166 oribus,
200 3095 243 3153 uti
275 3094 427 3170 lapidibus,
460 3094 579 3164 truncis,
601 3098 656 3153 etc.
677 3095 754 3154 licet.
776 3094 814 3151 Et
835 3095 889 3152 hoc
911 3094 1006 3170 quivis
1027 3113 1131 3153 revera

62 3195 175 3251 quoque
196 3175 336 3244 concedit,
357 3194 425 3233 nam
446 3174 566 3250 quilibet
586 3194 641 3245 res,
657 3195 732 3251 quas
742 3174 773 3232 in
783 3173 946 3234 hominibus
958 3176 1130 3245 detestatur,

61 3276 182 3331 cumque
203 3255 354 3314 aversione
375 3255 594 3330 contemplatur,
616 3255 646 3313 in
667 3254 839 3314 animalibus
859 3254 1130 3314 cumadmiratione

61 3336 200 3407 intuetur,
234 3335 278 3394 uti
310 3355 396 3410 apum
425 3335 510 3402 bella,
543 3339 630 3410 atque
651 3337 848 3394 columbarum
868 3335 1052 3412 zelotypiam,
1075 3339 1130 3394 etc.

62 3436 127 3492 quae
160 3416 189 3474 in
221 3414 385 3474 hominibus
416 3426 601 3491 spernuntur,
624 3421 653 3474 et
673 3415 860 3474 nihilominus
879 3419 915 3474 ob
937 3436 972 3475 ea
993 3415 1130 3474 animalia

63 3497 238 3572 perfectiora
256 3495 427 3571 judicamus.
448 3496 520 3554 Haec
541 3516 605 3554 cum
626 3496 668 3554 ita
679 3497 746 3567 sint,
759 3497 836 3554 clare
847 3496 986 3570 sequitur,
998 3500 1129 3572 peccata,

63 3575 296 3652 quandoquidem
317 3595 352 3634 ea
372 3575 411 3633 nil
433 3575 489 3634 nisi
508 3575 753 3651 imperfectionem
774 3576 911 3647 indicant,
933 3597 991 3635 non
1003 3595 1088 3651 posse
1100 3575 1129 3632 in
