2662 4298
130 150 189 208 240
550 164 688 205 rrrsrons
709 162 776 203 xm.

133 339 257 394 mentem
278 353 372 392 meam
394 332 573 409 apertissime
593 331 753 408 explicare3
774 336 808 389 et
828 331 915 392 nihil
938 335 1188 396 hocvirisl'liiloa

126 415 193 492 phis
214 414 327 489 gratius
349 414 410 471 fore
428 413 565 489 judicavi.
606 411 726 471 Interim
747 409 773 468 si
793 410 853 469 tibi
874 413 1046 476 videbitur
1056 416 1188 487 eonmllin
1222 412 1225 417 ¹

128 497 188 554 hacc
218 494 347 569 cogitata
376 493 437 568 igni
468 493 572 569 potius,
604 511 691 568 quam
725 490 946 553 Eruditissimo
969 496 1104 556 Domino
1120 496 1189 573 But

126 576 251 644 tradere,
272 575 303 631 in
323 579 375 633 tua
394 593 482 632 rnanu
503 578 586 643 sunt;
607 573 654 630 fac
674 576 707 630 ut
726 571 817 643 lubet,
831 573 929 632 modo
940 577 1064 636 metibi
1079 577 1189 637 noblis

127 674 231 730 meque
251 654 354 729 Boylio
375 653 600 712 addictissimum
620 657 709 729 atque
730 651 982 714 amantissimum
993 656 1189 727 credaallcla

128 734 203 810 quod
235 739 353 809 propter
384 733 555 792 tenuitatem
579 752 673 791 meam
693 735 749 790 hoc
768 750 829 789 non
851 732 914 791 nisi
938 737 1049 796 verbis
1072 737 1190 798 manto

127 814 255 885 valeam;
277 819 417 885 attamen,
439 819 493 872 etc.

159 920 319 981 [voorourga
338 920 404 978 mar
421 921 473 967 sul.
491 886 568 978 isca]

578 1115 738 1126 ——-

431 1266 648 1325 Errsrocs
668 1265 739 1323 XIV
760 1266 898 1339 (cmx).

530 1399 696 1458 Clarissimo
722 1399 792 1456 Vtro

592 1534 626 1591 B.
647 1551 676 1590 n.
699 1531 727 1591 S.

327 1665 570 1725 HENRIOUS
603 1663 1007 1731 OLDENBURGIUS.

250 1817 413 1878 Clarissima
440 1818 501 1888 Vir,
523 1819 623 1876 Amice
639 1819 804 1893 plurimam
826 1818 952 1892 colende,

164 1924 332 1985 Commercii
352 1923 444 1983 nostri
464 1923 585 1983 literarii
605 1923 847 1982 instaurationem
860 1922 892 1981 in
902 1943 1023 2002 magna
1034 1950 1119 2007 pono
1129 1935 1197 2008 parte

123 2006 278 2066 felicitatis
311 2005 391 2063 Scias
420 2005 527 2081 itaque,
559 2024 605 2062 me
633 2009 708 2074 tuas,
744 2004 830 2069 1712?
862 2003 936 2062 Julii
970 2008 1011 2066 ad
1045 2030 1097 2071 me
1118 2013 1197 2080 datae

123 2087 268 2164 accepisse
299 2085 406 2160 insigni
437 2105 502 2143 cum
535 2084 648 2159 gaudio,
682 2083 788 2159 duplici
817 2083 960 2159 imprimis
989 2092 1127 2164 nomine,
1150 2097 1198 2150 tum

124 2169 200 2243 quod
231 2168 352 2225 salutem
385 2171 464 2224 tuam
495 2169 682 2235 testarentur,
715 2169 776 2221 tum
807 2164 883 2239 quod
916 2164 952 2222 de
976 2170 1044 2227 tuae
1070 2191 1147 2248 erga
1164 2190 1199 2230 ne

123 2247 257 2306 amicitiae
279 2246 443 2304 constantia
457 2245 608 2304 certiorem
622 2264 667 2302 me
678 2244 840 2302 redderent.
854 2244 980 2304 Accedit
992 2248 1034 2306 ad
1048 2253 1199 2319 cumulum,

124 2328 199 2402 quod
220 2326 291 2384 mihi
312 2326 440 2396 nuncias,
464 2330 493 2383 te
507 2325 628 2401 primam
640 2329 670 2382 et
680 2325 836 2382 secundam
847 2323 1071 2399 Principiorum
1085 2330 1201 2391 Gartesii
1235 2334 1237 2341 '

124 2412 246 2482 partem,
285 2424 365 2463 more
403 2404 583 2464 Geometrico
622 2406 857 2473 demonstratam,
889 2405 979 2478 praelo
1013 2413 1200 2482 commisisse,

126 2487 253 2562 ejusdem
286 2504 375 2542 unum
402 2485 562 2543 alterumve
584 2485 732 2560 exemplar
752 2484 949 2542 liberalissime
969 2486 1045 2545 mihi
1070 2493 1202 2552 offerens.

126 2566 245 2641 Accipio
273 2585 378 2622 munus
398 2565 561 2639 perlubenti
582 2566 687 2637 animo,
708 2585 845 2639 rogoque,
867 2569 900 2622 ut
919 2563 1010 2624 istum
1033 2572 1094 2629 sub
1116 2573 1203 2648 praelc

122 2646 182 2722 jam
212 2646 362 2704 sudantem
384 2646 561 2717 Tractatum,
583 2646 608 2703 si
628 2645 778 2721 placuerit,
800 2644 923 2702 Domino
943 2645 1035 2704 Petro
1058 2649 1202 2723 Serrario,

125 2726 343 2785 Amstclaedami
364 2726 490 2801 degenti,
511 2746 564 2802 pro
584 2746 631 2784 me
651 2725 842 2784 transmittas,
864 2725 900 2782 In
920 2725 1072 2786 mandatis
1096 2733 1203 2808 quippe

124 2807 180 2883 ipsi
201 2807 275 2876 dedi,
297 2812 330 2865 ut
351 2806 490 2882 ejusmodi
509 2805 677 2864 fasciculum
700 2805 828 2880 recipiat,
851 2810 881 2863 et
902 2805 938 2863 ad
949 2824 995 2862 me
1006 2825 1064 2881 per
1074 2812 1202 2872 amioum

125 2887 316 2963 trajicientem
338 2887 482 2964 expediat.

167 2967 309 3026 Caeterum
331 2967 483 3044 permittas
503 2967 555 3025 tibi
575 2965 678 3036 dicam,
693 2985 738 3023 me
752 2965 936 3041 impatienter
950 2965 1035 3037 serre,
1052 2971 1083 3026 te
1100 2971 1202 3030 etiam·

125 3067 193 3105 num
221 3047 398 3124 supprimere
426 3068 460 3105 ea
488 3047 604 3123 scripta,
634 3067 698 3121 quae
725 3066 777 3121 pro
802 3046 861 3104 tuis
882 3045 1024 3120 agnoscis,
1048 3047 1080 3105 in
1103 3050 1201 3128 Repu·

125 3127 200 3185 blica
227 3128 366 3204 imprimis
393 3133 454 3186 tam
481 3128 580 3196 libera,
610 3131 644 3184 ut
672 3125 779 3184 sentire
806 3125 845 3183 ibi
874 3147 939 3202 quae
968 3125 1050 3196 velis,
1078 3133 1111 3187 et
1134 3151 1200 3207 quae

125 3207 235 3265 sentias
262 3209 356 3267 dicere
383 3208 478 3267 liceat.
506 3209 697 3283 Perrumpere
724 3210 753 3264 te
785 3206 871 3264 velim
892 3207 949 3264 ista
970 3209 1125 3282 repagula,
1150 3212 1200 3270 im·

125 3286 225 3361 primis
246 3308 310 3346 cum
331 3289 474 3347 subticere
494 3307 599 3346 nomen
620 3292 701 3345 tuum
723 3286 824 3362 possis,
847 3291 876 3344 et
896 3288 952 3345 hac
972 3285 1087 3346 ratione
1109 3296 1201 3350 extra

126 3385 239 3423 omnem
259 3368 380 3443 periculi
400 3369 491 3426 aleam
512 3374 542 3427 te
563 3368 711 3426 collocare.

166 3445 365 3506 Nobilissimus
390 3448 509 3524 Boylius
529 3468 651 3524 peregre
673 3447 761 3506 abiit:
785 3448 995 3524 quamprimum
1018 3447 1114 3507 redux
1137 3452 1201 3510 fue-

125 3524 166 3582 rit
185 3526 281 3584 factus
301 3527 331 3585 in
352 3529 469 3596 Urbem,
492 3529 706 3587 communicabo
726 3528 783 3603 ipsi
803 3548 866 3586 eam
886 3527 1024 3604 Epistolae
1046 3532 1108 3588 tuae
1131 3530 1212 3590 doc·¹

126 3604 245 3664 tissima
277 3613 398 3682 partem,
431 3629 496 3684 quae
527 3609 607 3667 illum
638 3613 760 3684 spectat,
793 3608 911 3682 ejusque
942 3609 977 3666 de
1004 3610 1199 3685 conceptibus
