2662 4298
447 366 763 406 Tflnonoalco·POL1r101
784 367 848 406 GAP.
870 366 910 407 IV.
1174 347 1192 404 3

126 539 176 612 ait,
209 539 327 596 Justnm
356 535 461 606 laetari,
493 555 556 592 cum
590 535 624 592 fit
653 534 801 610 judicium,
831 534 946 611 iniquos
966 540 1062 614 autem
1083 557 1191 612 pavere

125 620 198 678 (lum
229 618 328 693 itaque
357 617 421 674 Lex
452 614 523 673 nihil
556 615 633 674 aliud
665 616 712 686 sit,
746 635 830 690 quam
862 615 937 674 ratio
967 616 1093 688 vivendi,
1116 637 1201 694 quam

127 701 258 758 homines
286 700 323 756 ob
345 697 470 772 aliquem
491 697 576 754 finem
599 695 654 753 sibi
675 696 723 753 vel
746 695 810 754 aliis
831 696 1032 771 praescribunt,
1054 697 1118 756 ideo
1139 699 1202 756 Lex

128 778 334 853 distinguenda
365 777 482 835 videtur
513 776 544 834 in
576 777 731 835 humanam
763 781 792 833 et
817 776 953 834 divinam.
975 777 1032 835 Per
1046 778 1202 837 humanam

128 859 260 933 intelligo
291 857 433 915 rationem
464 856 591 926 vivendi,
615 876 679 930 quae
702 857 738 913 ad
759 857 912 914 tutandam
928 856 1018 915 vitam
1041 862 1070 915 et
1090 878 1202 934 rempu-

127 939 232 998 blicam
253 942 368 996 tantum
388 937 527 1008 inservit3
549 956 601 1012 per
621 936 750 994 divinam
762 940 867 1007 autem,
881 942 945 1011 quae
956 938 1048 995 solum
1059 958 1202 996 summum

129 1023 245 1088 bonum,
278 1019 333 1077 hoc
364 1022 409 1076 ast
438 1017 493 1075 Dei
524 1036 623 1075 veram
656 1016 848 1090 cognitionem
870 1021 900 1074 et
921 1037 1056 1087 amorem,
1078 1024 1200 1094 spectat.

129 1099 224 1170 Ratio,
257 1118 308 1156 cur
339 1099 415 1156 hanc
435 1099 530 1177 legem
551 1117 623 1155 voco
645 1096 783 1166 divinam,
805 1101 849 1154 est
869 1101 989 1172 propter
1008 1098 1113 1161 summi
1134 1099 1203 1158 boni

128 1185 273 1253 naturam,
296 1198 382 1254 quam
402 1177 450 1236 hic
470 1177 579 1253 paucis,
602 1183 631 1236 et
653 1197 739 1254 quam
761 1177 838 1235 clare
849 1181 959 1251 potero,
969 1178 1029 1253 jam
1041 1180 1202 1240 ostendam.

170 1261 240 1319 (lum
260 1258 362 1317 melior
382 1278 451 1334 pars
471 1258 564 1316 nostri
585 1257 623 1316 sit
643 1257 816 1326 intellectus,
839 1262 948 1315 certum
969 1262 1023 1327 est,
1035 1257 1202 1317 sinostrum

130 1340 201 1398 utile
227 1358 330 1399 revera
359 1358 487 1414 quaerere
514 1337 646 1410 velimus,
668 1357 722 1395 nos
742 1357 831 1412 supra
851 1337 948 1395 omnia
969 1338 1073 1396 dehere
1094 1339 1201 1410 conari,

130 1425 164 1479 ut
195 1440 260 1478 eum
281 1424 420 1495 quantum
441 1418 504 1477 fieri
524 1423 623 1494 potest
643 1417 841 1494 perficiamus3
863 1417 893 1475 in
914 1418 976 1493 ejus
997 1418 1073 1476 enim
1094 1420 1201 1494 perfec·

129 1501 209 1560 tione
230 1519 372 1558 summum
393 1503 524 1557 nostrum
545 1501 653 1557 bonum
674 1498 832 1556 consistere
844 1499 937 1556 debet.
950 1499 1050 1569 Parra,
1066 1499 1201 1575 quoniam

130 1581 222 1640 omnis
253 1584 354 1638 nostra
384 1579 512 1654 cognitio
543 1583 573 1637 et
594 1577 745 1647 certitudo,
768 1598 833 1654 quae
854 1598 957 1637 revera
979 1599 1063 1637 omne
1084 1580 1201 1638 dubium

129 1661 214 1731 tollit,
236 1680 254 1718 a
275 1662 337 1718 sola
357 1659 411 1717 Dei
433 1659 598 1734 cognitione
620 1659 776 1734 dependet3
799 1664 861 1717 tum
883 1659 951 1734 quia
971 1659 1033 1718 sine
1055 1660 1202 1718 Deonihil

129 1761 192 1800 esse
213 1760 306 1816 neque
327 1739 439 1816 concipi
460 1744 565 1816 potest,
588 1743 649 1797 tum
671 1739 759 1797 etiam
781 1740 847 1814 quia
869 1739 904 1796 de
926 1740 1057 1798 omnibus
1068 1740 1201 1799 dubitare

129 1841 291 1898 possumne,
314 1840 399 1896 qnam
421 1821 470 1878 diu
491 1820 546 1878 Dei
566 1821 675 1878 nullam
697 1821 804 1878 claram
826 1824 855 1877 et
877 1819 1042 1880 distinctam
1063 1821 1202 1879 habemus

128 1903 240 1973 ideam;
260 1901 328 1959 hinc
349 1900 489 1976 sequitur,
513 1920 655 1958 summum
676 1905 807 1957 nostrum
828 1903 935 1958 bonum
957 1905 986 1958 et
996 1900 1201 1976 perfectionem

129 2003 148 2041 a
168 1982 231 2040 sola
251 1981 305 2039 Dei
326 1981 491 2055 cognitione
512 1981 648 2056 pendere,
670 1985 724 2038 etc.
747 1980 866 2050 Deinde,
890 2000 955 2038 cum
975 1981 1047 2039 nihil
1067 1981 1202 2039 sineDeo

129 2082 184 2120 neo
204 2081 268 2120 esse
289 2081 342 2120 nec
364 2061 476 2137 concipi
496 2061 597 2137 possit,
620 2065 732 2118 certum
753 2065 806 2131 est,
829 2060 933 2130 omnia,
956 2081 1021 2136 quae
1042 2061 1072 2118 in
1087 2062 1202 2119 Natura

129 2146 208 2211 sunt,
237 2141 291 2200 Dei
312 2146 491 2217 conceptum,
512 2161 565 2218 pro
587 2141 700 2199 ratione
722 2161 782 2199 suae
804 2140 936 2199 essentiae
958 2161 1072 2216 suaeque
1094 2143 1201 2217 perfec·

128 2221 226 2292 tionis,
257 2222 407 2281 involvere
438 2226 526 2296 atquo
554 2221 728 2297 exprimere3
751 2241 785 2279 ac
805 2221 925 2295 proinde
946 2241 1008 2291 nos
1031 2241 1087 2296 quo
1108 2221 1201 2295 magis

129 2323 177 2361 res
208 2304 355 2360 naturales
386 2302 594 2378 cognoscimus,
628 2321 661 2360 eo
692 2302 830 2377 majorem
862 2305 891 2357 et
922 2301 1122 2376 perfectiorem
1148 2301 1202 2358 Dei

129 2382 325 2457 cognitionem
347 2383 514 2458 acquirere3
537 2382 585 2441 vel
606 2381 755 2458 (quoniam
776 2380 903 2455 cognitio
925 2382 1043 2439 effectus
1063 2401 1116 2457 per
1137 2401 1201 2439 cau·

131 2483 193 2521 sam
217 2462 290 2521 nihil
310 2462 387 2521 aliud
408 2468 461 2532 est,
485 2483 572 2538 quam
594 2480 687 2520 causae
708 2461 915 2538 proprietatem
937 2462 1061 2537 aliquam
1083 2481 1201 2535 cognos-

130 2545 216 2616 cere),
250 2563 305 2617 quo
333 2543 427 2617 magis
448 2563 495 2601 res
516 2543 665 2601 naturales
687 2541 895 2617 cognoscimus,
918 2562 951 2600 eo
972 2542 1026 2600 Dei
1048 2541 1201 2600 essentiam

131 2625 207 2700 (quae
238 2623 365 2681 omnium
396 2643 492 2681 rerum
523 2643 610 2682 causa
642 2625 697 2696 est)
726 2622 881 2698 perfectius
903 2642 1092 2697 cognoscare3
1115 2627 1202 2696 atque

130 2705 202 2762 adeo
234 2707 297 2761 tota
329 2707 429 2761 nostra
460 2703 597 2777 cognitio,
630 2704 685 2761 hoc
706 2708 750 2761 est
771 2723 912 2761 summum
933 2708 1063 2761 nostrum
1085 2705 1222 2772 bonum„

129 2804 189 2842 non
221 2787 335 2841 tantum
368 2803 386 2840 a
406 2784 460 2842 Dei
482 2783 646 2858 cognitione
668 2784 819 2859 dependet,
842 2784 891 2841 sed
913 2783 944 2840 in
964 2784 1064 2841 eadem
1086 2784 1201 2841 omnino

130 2863 272 2923 consistit.
306 2865 386 2934 Quod
417 2863 504 2921 etiam
526 2884 562 2922 ex
584 2865 639 2922 hoc
660 2864 799 2940 sequitur,
821 2865 897 2938 quod
918 2865 1002 2922 horno
1023 2884 1075 2939 pro
1096 2868 1203 2921 natura

131 2947 161 3002 et
180 2943 358 3020 perfectione
379 2943 430 3015 rei,
453 2964 539 3020 quam
561 2964 620 3018 prae
642 2945 761 3020 reliquis
782 2948 869 3014 amat,
891 2964 925 3002 eo
947 2944 1034 3001 etiam
1049 2944 1203 3018 perfectior

132 3028 185 3094 est,
212 3029 242 3082 et
263 3029 382 3083 contra:
405 3025 533 3099 adeoque
553 3025 601 3082 illc
622 3025 784 3082 necessario
805 3023 1030 3100 perfectissimus
1052 3028 1096 3082 est
1117 3029 1146 3082 et
1168 3025 1202 3081 de

131 3123 244 3163 summa
274 3104 452 3163 beatitudine
483 3105 606 3162 maxime
628 3105 793 3180 participat,
816 3105 865 3180 qui
886 3103 948 3176 Dei,
971 3105 1046 3162 entis
1067 3105 1201 3163 nimirum

132 3183 342 3259 perfectissimi,
380 3185 603 3243 intellectualem
642 3185 835 3259 cognitionem
867 3205 955 3260 supra
987 3184 1082 3243 omnia
1113 3190 1200 3257 amat,

133 3265 289 3339 eademque
319 3265 444 3323 maxime
476 3266 645 3323 delectatur.
677 3267 742 3324 Huc
773 3265 871 3340 itaque
902 3269 1032 3323 nostrum
1060 3285 1201 3323 summum

132 3347 238 3402 bonum
271 3349 427 3420 nostraque
458 3346 607 3403 beatitudo
639 3346 722 3415 redit,
755 3345 785 3403 in
817 3345 1011 3420 cognitionem
1044 3346 1152 3404 scilicet
1173 3352 1202 3404 et

132 3444 258 3483 amorem
290 3425 353 3484 Dei.
386 3426 483 3483 Media
503 3425 601 3500 igitur,
624 3444 686 3500 quae
708 3426 755 3483 hic
776 3426 842 3483 finis
863 3425 989 3483 omnium
1010 3426 1202 3484 humanarum

133 3505 287 3576 actionum,
320 3525 423 3581 nempe
454 3506 515 3581 ipse
547 3507 634 3574 Deus
663 3512 805 3580 quatenus
827 3507 888 3582 ejus
908 3506 973 3564 idea
993 3506 1023 3563 in
1045 3507 1127 3564 nobis
1149 3511 1200 3576 est,

133 3585 233 3660 exigit,
264 3585 346 3661 jussa
367 3586 421 3644 Dei
441 3586 540 3644 vocari
561 3591 691 3661 possunt,
714 3588 781 3661 quia
803 3587 885 3661 quasi
906 3590 942 3645 ab
963 3587 1026 3662 ipso
1048 3589 1117 3659 Deo,
1134 3607 1202 3661 qua·

132 3669 217 3723 tenus
237 3665 268 3723 in
290 3671 389 3724 nostra
410 3671 505 3725 mente
527 3667 634 3738 existit,
657 3668 739 3725 nobis
759 3667 1002 3742 praescribuntur;
1024 3673 1110 3741 atqua
1131 3667 1201 3724 adeo

134 3745 207 3803 ratio
228 3746 355 3810 vivendi.
379 3767 442 3822 quae
464 3749 540 3805 hunc
561 3749 647 3805 finem
670 3752 790 3823 spectat,
813 3749 857 3805 lex
880 3748 977 3804 divina
998 3747 1104 3821 optime
1119 3765 1201 3803 voca·

134 3829 190 3884 tur.
213 3826 351 3896 Quaenam
372 3832 468 3885 autern
490 3829 551 3886 haec
572 3828 666 3885 media
687 3828 754 3897 sint,
777 3833 806 3884 et
827 3847 958 3902 quaenam
979 3825 1054 3883 ratio
1075 3824 1200 3894 vivendi,
