2662 4298
569 363 708 402 rrrsrom
730 363 834 402 xxxvr.
1178 346 1234 404 321

109 534 132 573 .·:
166 534 281 589 tantum
323 529 475 588 declarabo
513 548 636 588 sensum.
670 528 740 588 Dico
772 549 851 604 ergo,
884 535 1024 604 quantum
1055 531 1092 589 ad
1123 537 1234 590 sextam

164 611 281 681 attinet,
313 609 338 667 si
368 629 509 684 ponamus
541 608 658 685 aliquid,
691 609 767 685 quod
796 610 827 667 in
859 629 911 668 suo
932 629 1038 684 genere
1059 611 1235 670 solummodo

112 702 144 746 τὲ,
163 689 421 748 indeterminatum
443 694 472 747 et
492 691 652 765 perfectum
674 694 726 762 est,
749 709 801 748 sua
822 690 994 748 sufficientia
1008 690 1142 763 existere,
1160 693 1235 768 quod

109 782 130 819 Ξ
163 770 254 829 etiam
285 769 440 828 existentia
471 770 546 828 entis
578 770 709 828 absolute
733 769 949 828 indeterminati
970 791 1004 829 ac
1024 772 1146 846 perfecti
1167 793 1235 831 con-

122 866 128 901 ῑ
163 851 293 909 cedenda
328 850 402 922 erit;
435 850 510 924 quod
543 851 604 908 Ens
635 870 690 925 ego
722 851 815 908 Deum
845 852 1027 926 nuncupabo.
1060 851 1090 910 Si
1121 872 1167 921 ex.
1190 873 1233 927 gr.

109 946 127 982 Ξ
163 935 294 989 statuere
321 930 461 1001 volumus,
484 930 681 988 extensionem
703 934 755 988 aut
775 929 980 1005 cogitationem
1003 933 1078 1007 (quae
1100 932 1236 1006 quaelibet

109 1056 124 1064 -
163 1011 195 1069 in
227 1031 279 1069 suo
311 1030 426 1085 genere,
458 1010 513 1068 hoc
544 1015 597 1082 est,
625 1010 757 1069 incerto
779 1030 885 1085 genere
906 1010 990 1083 entis,
1012 1013 1150 1086 perfectae
1172 1033 1235 1071 esse

110 1122 122 1145 :
164 1093 287 1167 queunt)
319 1110 372 1148 sua
406 1089 578 1149 sufficientia
613 1089 755 1162 existere3
788 1091 875 1149 etiam
905 1091 1060 1149 existentia
1090 1093 1153 1163 Dei,
1186 1094 1235 1170 qui

109 1191 119 1227 z
163 1171 295 1229 absolute
326 1172 472 1246 perfectus
503 1175 557 1241 est,
589 1171 644 1229 hoc
675 1176 720 1229 est
750 1171 826 1229 entis
859 1171 989 1230 absolute
1010 1172 1234 1244 indeterminati,

165 1251 222 1310 erit
244 1251 434 1309 concedenda.
457 1250 513 1309 Hic
533 1250 597 1320 loci,
619 1251 695 1327 quod
717 1251 800 1308 modo
822 1251 891 1326 dixi,
913 1251 1008 1310 notari
1023 1253 1135 1323 vellem,
1147 1273 1234 1328 quan-

162 1337 227 1389 turn
247 1332 418 1390 vocabulum
439 1333 662 1406 inquerfeotionis
683 1335 796 1406 spectat
807 1348 814 1402 ;
836 1331 971 1389 nimirum
989 1331 1059 1390 illud
1071 1332 1235 1407 significare

162 1411 206 1471 rei
227 1411 313 1469 alicui
333 1410 486 1487 quicquam
509 1412 616 1482 deesse,
639 1412 715 1487 quod
736 1416 833 1469 tamen
855 1412 891 1469 ad
913 1431 994 1470 suam
1015 1416 1150 1470 natura-m
1171 1432 1233 1488 per·

162 1492 248 1552 tinet.
276 1493 330 1550 Ex.
363 1512 407 1566 gr.
439 1491 579 1549 Extensio
608 1492 784 1550 solummodo
805 1496 939 1567 respectu
960 1492 1129 1563 durationis,
1151 1493 1232 1563 situs,

162 1571 337 1647 quantitatis
369 1571 539 1646 imperfecta
570 1570 625 1629 dici
656 1576 771 1646 potest;
803 1571 937 1630 nimirum
970 1570 1038 1647 quia
1069 1593 1127 1631 non
1148 1573 1234 1631 durat

160 1652 285 1726 longius
318 1651 386 1726 quia
420 1672 504 1710 suum
535 1671 593 1710 non
624 1651 731 1710 retinet
762 1651 857 1723 situm,
890 1653 936 1710 vel
968 1652 1035 1727 quia
1062 1654 1155 1730 major
1176 1673 1234 1712 non

162 1732 279 1805 evadit3
311 1732 466 1808 Nunquam
498 1750 587 1804 vero,
609 1732 676 1807 quia
702 1753 761 1790 non
781 1731 901 1806 cogitat,
922 1732 1092 1808 imperfecta
1113 1732 1232 1803 dicetur,

162 1812 393 1888 quandoquidem
421 1813 483 1888 ejus
504 1817 610 1871 natura
631 1812 703 1871 nihil
723 1813 781 1870 tale
803 1811 904 1888 exigit,
927 1833 991 1888 quae
1012 1813 1043 1871 in
1064 1813 1233 1872 extensione

162 1894 225 1951 sola
257 1892 398 1961 consistit,
430 1894 485 1951 hoc
517 1897 569 1958 est.
601 1892 632 1950 in
662 1896 741 1951 certo
772 1892 848 1950 entis
874 1912 1000 1968 genere:
1022 1913 1077 1968 qno
1098 1898 1233 1969 respectu

161 1977 277 2031 tantum
304 1972 496 2031 determinata
517 1977 568 2031 aut
587 1972 821 2044 indeterminata,
842 1972 1012 2049 imperfecta
1033 1978 1084 2031 aut
1103 1975 1233 2049 perfecta

162 2053 284 2111 dicenda
305 2057 358 2111 est.
380 2053 426 2123 Et,
450 2052 682 2128 quandoquidem
702 2052 757 2110 Dei
777 2057 884 2112 natura
904 2053 934 2111 in
949 2052 1115 2111 certoentis
1126 2073 1233 2128 genere

161 2154 220 2191 non
252 2132 391 2204 consistit,
414 2133 515 2191 sedin
536 2134 620 2205 Ente,
642 2133 718 2208 quod
739 2133 871 2191 absolute
891 2133 1146 2192 indeterminatum
1167 2139 1231 2207 est;

162 2214 225 2290 ejus
257 2213 344 2271 etiarn
365 2217 471 2272 natura
491 2213 585 2288 exigit
605 2212 634 2272 id
656 2233 739 2271 omne
761 2213 837 2288 quod
857 2212 889 2266 τὸ
911 2233 967 2272 esse
986 2215 1114 2288 perfecte
1136 2214 1231 2288 expri-

161 2294 232 2364 mit;
265 2313 298 2352 eo
327 2294 402 2369 quod
423 2294 486 2370 ejus
507 2298 613 2352 natura
634 2293 706 2352 alias
727 2293 919 2352 determinata
940 2297 969 2352 et
990 2292 1125 2352 deficiens
1145 2299 1230 2354 esset.

161 2375 234 2432 Haec
255 2393 342 2449 quum
363 2374 404 2432 ita
425 2393 456 2432 se
477 2374 612 2445 habeant,
635 2373 773 2449 sequitur,
796 2394 855 2433 non
876 2373 932 2432 nisi
952 2393 1040 2432 unum
1054 2375 1123 2446 Ens,
1138 2375 1230 2432 Deum

160 2454 279 2525 scilicet,
311 2474 394 2530 posse
425 2473 496 2526 esse,
529 2455 604 2529 quod
635 2453 753 2530 propria
781 2454 811 2513 vi
831 2453 938 2513 existit.
961 2453 991 2513 Si
1012 2454 1127 2529 etenim,
1150 2454 1232 2513 verbi

160 2555 257 2604 causa,
284 2554 434 2610 ponamus,
457 2535 533 2610 quod
555 2535 686 2593 extensio
708 2534 894 2594 existentiam
914 2534 1046 2605 involvit,
1070 2539 1181 2594 aeterna
1202 2540 1231 2593 et

159 2614 383 2673 indeterminata
413 2619 447 2673 ut
477 2614 524 2688 sit,
556 2615 743 2691 absoluteque
774 2616 882 2674 nullam
903 2615 1157 2690 imperfectionem,
1180 2616 1230 2674 sed

159 2694 366 2770 perfectionem
398 2694 551 2769 exprimat,
584 2715 655 2771 opus
686 2700 750 2768 est3
772 2696 898 2771 Ideoque
919 2695 1058 2755 Extensio
1080 2697 1116 2754 ad
1138 2697 1229 2754 Deum

158 2775 324 2851 pertinebit,
347 2779 399 2833 aut
419 2775 525 2850 aliquid
547 2775 610 2848 erit,
633 2777 708 2852 quod
729 2776 826 2852 aliquo
847 2777 932 2834 modo
952 2776 1007 2835 Dei
1027 2781 1162 2835 naturam
1183 2797 1229 2834 ex-

158 2855 277 2932 primit:
300 2855 368 2930 quia
388 2856 468 2914 Deus
489 2859 534 2914 est
553 2856 622 2928 llus,
642 2857 716 2932 quod
739 2876 798 2915 non
819 2861 899 2915 certo
921 2856 1066 2915 duntaxat
1086 2861 1229 2932 respectu,

157 2936 208 2994 sed
241 2937 372 2994 absolute
402 2934 433 2993 in
464 2934 590 2994 essentia
620 2935 875 2995 indeterminatum
906 2941 936 2994 et
966 2936 1148 3012 omnipotens
1175 2942 1228 2995 est.

157 3017 287 3092 Hocque,
320 3016 397 3091 quod
427 3019 491 3090 (pro
512 3015 617 3090 lubitu)
639 3016 674 3074 de
694 3017 873 3075 Extensione
894 3015 1008 3087 dicitur,
1031 3017 1066 3074 de
1087 3016 1164 3074 omni
1185 3036 1228 3087 eo,

156 3097 232 3171 quod
263 3101 297 3154 ut
317 3096 376 3154 tale
399 3100 529 3154 statuere
549 3096 686 3167 volemus,
709 3097 913 3155 affirmandum
935 3115 1049 3172 quoque
1070 3096 1135 3155 erit.
1157 3096 1229 3155 Gon·

156 3177 240 3235 cludo
269 3196 349 3251 ergo,
378 3175 462 3234 utin
483 3176 660 3251 praecedeuti
680 3196 745 3234 mea
765 3177 905 3252 Epistola,
928 3176 999 3235 nihil
1021 3180 1106 3235 extra
1126 3178 1229 3247 Deum,

155 3257 206 3315 sed
228 3258 321 3315 Deum
342 3257 433 3314 solum
456 3276 509 3314 sua
530 3256 704 3316 sufficientia
725 3257 891 3316 subsistere.
914 3256 1006 3315 Credo
1020 3257 1084 3314 haec
1098 3257 1230 3314 sufficere

155 3338 192 3395 ad
223 3357 340 3395 sensum
371 3336 562 3412 praecedentis
594 3338 819 3411 declarandum3
852 3342 885 3394 tu
916 3356 986 3395 vero
1016 3335 1118 3394 melius
1140 3337 1174 3394 de
1195 3356 1229 3394 eo

152 3416 292 3494 judicium
312 3417 390 3474 ferre
412 3416 529 3492 poteris
971 3436 972 3439 ’

195 3497 283 3556 Hisce
303 3497 435 3567 finirem;
457 3517 567 3572 verum,
590 3501 669 3574 quia,
692 3503 726 3558 ut
746 3497 816 3557 mihi
838 3516 923 3555 novae
945 3496 981 3554 ad
1002 3495 1135 3571 polienda
1154 3495 1231 3554 vitra

155 3577 283 3636 scutellae
318 3576 505 3649 fabricentur,
539 3577 654 3640 animus
686 3583 739 3650 est,
771 3584 855 3638 tuum
886 3577 941 3635 hac
971 3575 1000 3633 in
1028 3596 1060 3634 re
1081 3576 1230 3635 consilium

154 3656 254 3715 audire
286 3661 428 3732 exoptem.
460 3657 525 3716 Non
554 3658 649 3733 video,
674 3659 742 3734 quid
764 3657 851 3717 vitris
872 3656 1150 3715 convexo-concavis
1171 3662 1230 3714 tor-

154 3735 258 3794 nandis
287 3738 479 3812 proficiamus.
512 3738 653 3798 Convexa
683 3740 771 3814 plana
803 3742 932 3806 econtra,
965 3736 1081 3794 utiliora
1108 3741 1140 3794 ut
1162 3736 1229 3801 sint,

154 3835 271 3875 necesse
289 3823 342 3891 est,
365 3817 390 3874 si
412 3819 484 3875 bene
506 3819 647 3877 calculum
669 3820 803 3878 subduxi.
826 3817 900 3876 Nam
912 3817 937 3874 si
950 3816 1110 3890 (facilitatis
1124 3815 1232 3894 gratia)

194 3914 234 3973 ΙΙ.
1073 3913 1109 3971 21
