2662 4298
557 333 696 374 emerere
716 332 779 373 XVI.

428 583 641 642 llrrsronn
672 581 920 658 XVI(onnr11).

535 734 702 792 Gloriam
728 734 798 792 Vero

598 868 632 926 B.
654 886 682 926 n.
704 866 732 928 S.

339 1001 580 1062 HENRIGUS
607 998 1014 1067 OLDENBURGIUS.

251 1137 490 1195 Haeetcntieeime
516 1136 579 1210 Vir,
601 1142 626 1194 et
646 1137 746 1194 Amice
770 1136 994 1216 Ooleadiesime,

170 1260 229 1319 Vix
256 1265 317 1319 tres
343 1264 503 1336 quatuorve
531 1259 593 1318 dies
620 1265 689 1317 sunt
709 1258 808 1334 elapsi,
830 1278 869 1317 ex
890 1279 951 1336 quo
974 1263 1145 1341 Epistulam
1161 1285 1200 1343 per

130 1341 313 1401 tabellionem
338 1339 514 1399 ordinarium
535 1340 572 1398 ad
593 1344 622 1398 te
643 1340 755 1398 dabam.
777 1338 975 1402 Memineram
998 1343 1046 1404 ibi
1068 1347 1200 1424 cujusdam

130 1421 218 1481 libelli
249 1442 267 1480 a
298 1421 421 1480 Domino
448 1419 550 1496 Boylio
571 1419 737 1495 conscripti,
758 1423 789 1478 et
809 1417 862 1478 tibi
883 1424 1131 1488 transmittendi,
1149 1426 1200 1486 Non

127 1507 190 1560 tum
220 1502 379 1576 affulgebat
409 1520 476 1577 spes
505 1505 566 1558 tam
597 1499 654 1558 cito
685 1499 871 1558 nanciscendi
899 1501 1049 1579 amicum,
1080 1507 1131 1584 qui
1149 1526 1199 1567 eun

126 1582 277 1657 perferret.
299 1581 345 1639 llx
366 1601 399 1639 eo
421 1586 550 1656 ternpore
570 1600 601 1638 se
621 1580 727 1639 obtulit
747 1579 863 1655 quidam
884 1581 1032 1656 opinione
1054 1606 1123 1647 mea
1141 1587 1199 1646 cele

126 1660 197 1720 rius.
219 1660 354 1736 Accipias
373 1661 464 1736 igitur
485 1681 570 1732 nunc,
592 1661 668 1736 quod
689 1665 759 1719 tunc
779 1659 855 1718 mitti
870 1680 931 1719 non
945 1669 1199 1744 potentumque

126 1740 241 1799 Domini
269 1740 372 1816 Boylii,
402 1741 451 1817 qui
475 1761 552 1800 nuuc
571 1761 639 1800 rure
659 1740 690 1799 in
711 1741 819 1800 Urbem
839 1759 981 1802 reversus
1003 1752 1065 1819 est,
1088 1749 1199 1807 salutem

126 1821 373 1880 officiosissimam.
409 1823 506 1897 Rogat
536 1821 593 1893 ille,
626 1826 659 1880 ut
690 1820 897 1880 Praefationem
926 1821 962 1881 in
993 1825 1199 1903 Experimento

125 1900 217 1977 ipsius
243 1901 321 1960 circa
347 1901 461 1960 Nitrum
482 1903 590 1960 factam
611 1902 753 1973 consulas,
774 1900 981 1962 intellecturus
1000 1905 1078 1966 inde
1099 1928 1197 1979 rerum,

126 2001 212 2058 quem
239 1981 294 2041 sibi
315 1982 514 2058 praestituerat
533 1981 565 2040 in
585 2001 619 2040 eo
641 1982 744 2057 Opere,
766 2001 901 2057 scopum;
923 1987 1089 2047 ostendere
1111 1987 1197 2048 videli-

126 2067 180 2132 cet,
212 2063 422 2139 resurgentis*
456 2061 648 2138 Philosophiae
679 2061 822 2120 solidioris
848 2061 958 2137 placita
979 2066 1076 2127 claris
1097 2068 1198 2146 experi-

126 2144 232 2203 mentis
255 2143 403 2217 illustrari,
426 2147 456 2202 et
475 2144 539 2201 haec
559 2143 623 2218 ipsa
643 2142 705 2201 sine
727 2142 895 2201 Scholarum
917 2143 1032 2218 formis,
1059 2148 1197 2225 qualitati·

126 2226 188 2294 bus,
222 2225 371 2284 elementis
401 2223 563 2299 nugatoriis
595 2223 702 2298 optime
733 2221 870 2298 explicari
897 2242 1001 2298 posse;
1031 2229 1197 2305 neutiquam

125 2310 223 2364 autem
244 2305 326 2363 inse
347 2303 515 2380 suscepisse,
537 2308 672 2362 naturam
693 2303 769 2361 Nitri
791 2304 901 2373 docere,
923 2304 971 2362 vel
994 2306 1090 2367 etiam
1101 2310 1196 2386 impro-

124 2386 192 2443 bare
232 2405 275 2455 ea,
316 2405 381 2461 quae
416 2386 451 2443 de
482 2383 612 2442 materiae
643 2383 886 2458 homogeneitate,
918 2384 1014 2459 deque
1046 2407 1196 2466 corporum

125 2465 303 2536 differentiis,
336 2484 373 2522 ex
403 2469 484 2523 motu
516 2469 546 2523 et
570 2464 673 2539 figura,
701 2470 755 2522 etc.
783 2464 927 2522 duntaxat
947 2467 1198 2540 exorientibus,a

125 2564 268 2620 quoquam
290 2544 366 2603 tradi
387 2549 517 2619 possunt.
539 2545 603 2602 Hoc
624 2545 769 2603 duntaxat
789 2564 820 2602 se
841 2543 967 2602 voluisse
988 2546 1041 2620 ait,
1064 2552 1198 2609 texturas

125 2644 277 2700 corporum
309 2623 415 2693 variae,
446 2624 529 2682 varia
557 2645 655 2683 eorum
683 2624 848 2683 discrimina
875 2624 1022 2697 inducero,
1046 2630 1086 2687 ab
1109 2630 1197 2707 iisque

124 2705 240 2763 diversa
268 2705 420 2762 admodum
448 2706 552 2763 effecta
578 2705 728 2781 proficisci,
755 2705 867 2780 riteque
894 2704 969 2775 inde,
999 2710 1145 2780 quamdiu
1165 2710 1196 2768 ad

124 2784 247 2861 primam
274 2784 424 2843 materiam
451 2785 588 2844 resolutio
617 2786 696 2844 facta
716 2805 775 2844 non
795 2785 891 2855 fuerit,
913 2785 1196 2861 heterogeneitatem

124 2865 250 2940 aliquam
271 2886 288 2923 a
309 2865 492 2940 Philosophia
512 2871 542 2924 et
563 2865 627 2924 aliis
644 2866 784 2925 concludi.
806 2865 865 2924 Nec
879 2870 987 2941 putem,
1001 2865 1034 2924 in
1049 2868 1092 2926 rei
1108 2871 1197 2929 fundo

124 2945 201 3004 inter
228 2951 258 3004 te
286 2951 315 3004 et
344 2944 495 3004 Dominum
515 2946 648 3022 Boylium
670 2947 830 3004 dissensum
850 2966 921 3004 esse.
944 2945 1026 3016 Quod
1049 2968 1124 3008 vero
1146 2951 1197 3016 ais,

125 3047 237 3085 omnem
267 3026 619 3101 calcem,cujusmeati1s
640 3027 824 3101 angustiores
844 3030 921 3096 sunt,
943 3045 1029 3100 quam
1052 3033 1086 3086 ut
1107 3030 1196 3105 parti·

124 3108 205 3166 cules
225 3106 300 3165 Nitri
322 3107 470 3166 continere
490 3111 608 3183 queant,
630 3126 808 3182 quorumque
828 3106 955 3181 parietes
967 3106 1102 3181 languidi
1117 3116 1196 3179 sunt,

123 3193 223 3264 aptam
243 3207 306 3246 esse
327 3189 364 3246 ad
384 3191 493 3246 motum
513 3187 720 3263 particularum
741 3187 817 3246 Nitri
831 3186 1000 3256 sistendum,
1015 3187 1198 3266 proindeque

124 3269 160 3326 ad
192 3268 285 3344 ipsum
315 3267 429 3327 Nitrum
457 3267 729 3342 redintegrandum
755 3267 911 3343 respondet
930 3264 1058 3341 Boylius
1082 3268 1197 3328 sicum

124 3348 189 3406 aliis
221 3348 348 3406 calcibus
378 3347 502 3424 Spiritus
533 3347 609 3407 Nitri
639 3347 802 3417 misceatur,
830 3367 890 3405 non
917 3351 1102 3406 tamencum
1125 3349 1198 3426 ipsis

124 3447 225 3486 verum
246 3428 361 3487 Nitrum
383 3428 570 3504 compositum
591 3427 636 3486 iri.

167 3508 267 3576 Quoad
298 3508 568 3579 Ratiocinationem,
600 3528 658 3584 qua
678 3509 715 3566 ad
735 3509 924 3566 evertendum
945 3527 1066 3565 vacuum
1091 3511 1196 3582 uteris

123 3587 237 3657 attinet,
270 3588 311 3646 ait
342 3589 470 3664 Boylius,
503 3609 534 3647 se
565 3609 628 3647 eam
659 3608 743 3646 nome
775 3592 804 3645 et
824 3587 1000 3663 praevidisse,
1023 3592 1054 3645 at
1076 3587 1108 3646 in
1130 3590 1198 3666 ipsa

124 3742 338 3754 -—-=——-

156 3812 167 3832 ⁶
198 3812 244 3859 Ed.
262 3814 315 3858 Pr.:
333 3814 481 3869 resurpenti.
