2662 4298
427 356 744 398 ranonoorooeonrrrcr
767 356 833 397 our.
856 356 908 397 vn.
1166 341 1205 399 47

126 528 188 589 niis
217 529 353 601 constat),
385 525 494 601 posteri
522 546 601 600 vero,
624 529 711 601 prout
731 524 766 583 iis
788 525 885 584 Biblia
904 525 1091 602 interpretari
1111 526 1206 587 visum

126 614 185 680 est,
217 609 283 666 haec
313 607 369 665 duo
391 606 580 679 addiderunt;
602 624 691 682 quare
713 609 900 682 accentus-et
920 611 1036 682 puncta,
1059 607 1204 683 quaejam

129 690 281 758 habemus,
301 706 390 745 merae
410 686 615 763 hodiernorum
628 685 885 763 interpretationes
900 690 978 757 sunt,
992 706 1046 745 nec
1060 688 1125 763 plus
1138 687 1205 747 fidei

130 787 225 845 nequa
253 766 440 825 authoritatis
470 771 629 835 merentur,
657 785 743 842 quam
763 765 882 841 reliqua
904 767 1060 828 authorum
1080 767 1205 844 explica·

128 849 236 908 tiones.
269 846 325 918 Qui
354 851 450 906 autem
481 849 536 906 hoc
563 847 709 922 ignorant,
732 845 864 905 nesciunt
881 866 943 922 qua
964 847 1077 906 ratione
1099 849 1205 907 author

128 928 183 1005 qui
212 927 372 1004 Epistolam
402 927 440 985 ad
471 928 613 985 Hebraeos
633 925 749 1001 scripsit
770 928 953 985 excmandus
973 927 1020 999 sit,
1043 928 1119 1004 quod
1141 929 1221 1004 cap(

133 1010 181 1068 11.
203 1027 280 1067 vers.
303 1009 350 1066 21.
372 1007 583 1083 interpretatus
603 1011 648 1065 est
668 1010 782 1065 textum
804 1005 1033 1083 Geneseoscap.
1056 1009 1104 1066 47.
1126 1027 1203 1068 vers.

130 1091 182 1149 31.
214 1089 302 1162 longa
333 1087 426 1160 aliter,
459 1107 546 1163 quam
576 1087 607 1145 in
636 1091 776 1162 punctato
805 1087 931 1146 Hebraeo
959 1091 1042 1146 textu
1064 1089 1204 1160 habetur;

131 1168 218 1244 quasi
238 1168 396 1244 Apostolus
417 1187 534 1226 sensum
555 1166 712 1242 Scripturas
734 1167 925 1225 aPunctistis
939 1167 1049 1226 discere
1064 1168 1204 1228 debuerit.

131 1248 207 1311 Mihi
237 1268 308 1306 sane
334 1247 490 1323 punctistae
519 1248 616 1323 potius
637 1246 772 1322 culpandi
792 1246 946 1319 videntur3
968 1247 1044 1322 quod
1065 1251 1099 1306 ut
1119 1269 1206 1307 unus·

128 1329 253 1406 quisque
274 1328 382 1400 videat,
404 1332 434 1386 et
454 1327 539 1386 simul
559 1327 635 1404 quod
656 1328 720 1386 haec
741 1326 935 1403 discrepantia
956 1328 1047 1385 asolo
1061 1328 1206 1387 vocalium

130 1410 249 1469 defectu
269 1413 334 1467 orta
354 1412 407 1480 001,
430 1413 583 1484 utramque
603 1406 873 1483 interpretationem
893 1407 941 1466 hic
961 1426 1076 1482 ponam.
1109 1409 1205 1468 Punc-

128 1489 221 1561 tietae,
253 1488 314 1547 suis
343 1487 459 1564 punctis
490 1488 607 1557 scilicet,
638 1487 824 1563 interpretati
851 1492 928 1559 sunt,
950 1496 975 1546 et
995 1491 1158 1547 incurvavit
1177 1509 1206 1549 se

131 1571 226 1630 101αέ1
255 1588 356 1643 supra,
387 1569 436 1627 vel
467 1568 615 1638 (mutando
646 1569 669 1634 r
699 1567 799 1642 Hgain
818 1567 849 1626 in
869 1572 894 1627 r
913 1568 1017 1644 Aleph,
1039 1568 1070 1626 in
1090 1568 1204 1629 literam

128 1649 245 1709 scilicet
265 1648 393 1725 ejusdem
414 1648 528 1724 organi)
551 1667 648 1706 versus
668 1656 756 1723 caput
776 1650 856 1725 tecti;
875 1649 992 1707 Author
1009 1653 1106 1708 autem
1120 1650 1204 1725 Epis·
1324 1652 1326 1657 ’

128 1731 211 1802 10100,
240 1737 265 1787 01
285 1732 449 1788 incurvavit
469 1749 497 1787 se
517 1730 609 1787 101011
629 1748 723 1803 supra
744 1736 832 1804 caput
852 1729 957 1800 bacilli,
979 1729 1102 1804 legendo
1123 1730 1205 1788 nimi-

127 1830 196 1871 rum
218 1810 287 1868 ml)
307 1817 390 1882 mate,
412 1810 475 1867 loco
496 1809 572 1884 quod
593 1808 642 1866 alii
661 1810 731 1867 non
750 1811 831 1880 mito,
847 1829 913 1883 quae
928 1808 1090 1868 differentia
1105 1829 1122 1867 a
1136 1810 1205 1870 solis

131 1890 283 1951 vocalibus
314 1889 414 1949 oritur.
437 1890 505 1947 Jam
526 1889 757 1965 quandoquidem
777 1887 808 1946 in
828 1888 878 1946 illa
899 1888 1066 1948 narratione
1087 1891 1122 1948 da
1142 1891 1204 1949 sola

128 1974 284 2030 senectute
314 1969 426 2039 Jacobi,
458 1989 517 2028 non
548 1973 654 2040 autem,
675 1973 709 2027 ut
728 1968 758 2026 in
780 1969 913 2044 sequenti
933 1969 1037 2045 capite,
1058 1970 1094 2028 de
1113 1969 1205 2046 ipsius

129 2053 234 2110 morbo
255 2050 361 2125 agitur,
383 2049 477 2125 magis
490 2068 560 2107 vero
576 2049 667 2108 simile
681 2048 806 2120 videtur,
820 2054 947 2107 mentem
961 2049 1091 2108 historici
1105 2050 1203 2123 101000,

128 2131 210 2208 quod
240 2131 368 2189 Jacobus
394 2150 483 2206 supra
510 2133 598 2206 caput
618 2129 715 2187 bacilli
736 2135 803 2204 (quo
825 2129 960 2187 nimirum
981 2148 1065 2187 senes
1085 2149 1204 2206 provec-

131 2210 253 2270 tissimae
276 2209 373 2269 aetatis
393 2210 430 2268 ad
450 2228 482 2268 00
502 2209 702 2268 sustinendum
722 2208 877 2282 indigent),
899 2229 957 2267 non
972 2213 1069 2266 autem
1081 2209 1158 2280 lecti,
1174 2229 1206 2268 00

130 2290 339 2363 incurvaverit,
371 2289 518 2365 praecipue
549 2309 614 2347 cum
644 2290 699 2347 hoc
724 2289 808 2347 modo
829 2308 888 2347 non
908 2308 1026 2346 necesse
1047 2288 1093 2361 sit,
1115 2290 1204 2348 ullam

128 2371 284 2430 literarum
312 2370 588 2429 subalternationem
610 2388 780 2444 supponere.
802 2368 900 2444 Atque
917 2369 973 2427 hoo
994 2369 1125 2444 exemplo
1146 2390 1205 2429 non

130 2455 249 2510 tantum
279 2450 358 2509 volui
387 2451 482 2508 locum
512 2449 599 2508 istum
630 2449 767 2524 Epistolae
799 2450 836 2506 ad
864 2449 1006 2508 Hebraeos
1033 2469 1098 2508 cum
1118 2455 1204 2511 textu

129 2529 281 2590 Geneseos
302 2530 496 2600 reconciliare,
518 2531 568 2588 sed
582 2529 729 2605 praecipue
744 2531 904 2601 ostendere,
920 2549 1006 2606 quarn
1021 2550 1123 2605 parum
1139 2530 1209 2590 fidei

132 2611 281 2670 hodiernis
311 2610 426 2687 punctis
457 2615 487 2669 et
507 2610 674 2668 accentibus
694 2610 732 2668 sit
752 2611 932 2668 habendum:
954 2615 1042 2686 atque
1063 2612 1134 2669 adeo
1157 2611 1207 2687 qui

131 2690 315 2767 Scripturam
336 2691 398 2750 sine
418 2691 476 2748 ullo
497 2689 664 2766 praejudicio
685 2690 872 2765 interpretari
893 2691 965 2762 vult,
981 2690 1109 2751 dehisce
1125 2691 1205 2750 dubi·

132 2775 201 2830 tare
221 2776 341 2830 tenetur
362 2776 391 2829 01
412 2772 447 2829 de
467 2770 582 2845 integro
604 2771 777 2830 examinare.

177 2852 224 2910 Ex
243 2853 298 2910 hac
318 2851 409 2925 igitur
430 2852 475 2925 (ut
495 2851 532 2908 ad
551 2855 682 2909 nostrum
696 2850 875 2926 propositum
892 2853 1084 2924 revertamur)
1099 2851 1207 2927 linguae

135 2933 273 2991 Hebraeae
305 2931 512 2990 constitutione
543 2935 573 2988 et
603 2935 710 2989 natura
740 2931 824 2989 facile
848 2931 1045 3007 unusquisque
1065 2931 1208 3008 conjicere

134 3015 243 3088 potest,
274 3015 319 3070 tot
351 3013 455 3070 debere
475 3010 545 3069 oriri
565 3009 779 3084 ambiguitates,
801 3015 834 3069 ut
854 3012 934 3070 nulla
956 3010 1048 3088 possit
1068 3012 1131 3069 dari
1151 3031 1208 3070 me·

135 3092 253 3164 thodus,
275 3112 332 3167 qua
352 3111 395 3150 eae
416 3111 516 3150 omnes
537 3091 724 3148 determinari
746 3096 863 3166 queant.
884 3092 959 3151 Nam
977 3091 1049 3150 nihil
1064 3096 1117 3163 est,
1133 3093 1209 3167 quod

134 3191 298 3247 speramus,
330 3191 367 3229 ex
398 3176 498 3229 mutua
527 3170 690 3229 orationum
715 3171 868 3230 collatione
889 3174 989 3249 (quam
1010 3171 1125 3230 unicam
1146 3192 1209 3231 0000

137 3252 216 3313 viam
238 3252 415 3310 ostendimus
436 3252 472 3309 ad
493 3270 596 3309 verum
616 3270 732 3310 sensum
754 3271 792 3310 ex
812 3252 918 3322 multis,
941 3272 1015 3328 quos
1028 3270 1209 3327 unaquaeque

134 3331 232 3391 oratio
262 3352 300 3390 ex
330 3352 384 3390 usu
414 3331 523 3406 linguae
555 3331 708 3390 admittere
731 3336 837 3407 potest,
859 3332 1028 3405 eruendum)
1049 3332 1104 3390 hoc
1124 3350 1209 3406 posse

135 3413 271 3471 absolute
301 3412 377 3482 fieri3
406 3431 471 3469 curn
492 3412 559 3486 quia
579 3411 644 3468 haec
664 3412 826 3470 orationum
847 3412 961 3471 collatio
984 3431 1042 3470 non
1062 3411 1119 3469 nisi
1140 3431 1209 3471 casu

136 3491 300 3551 orationem
331 3491 457 3566 aliquam
477 3491 623 3550 illustrare
643 3496 749 3565 potest,
771 3493 1001 3567 quandoquidem
1022 3493 1119 3551 nullus
1141 3492 1209 3551 Pro·

138 3573 230 3649 pheta
261 3592 294 3630 eo
325 3572 382 3629 fine
402 3571 527 3648 scripsit,
548 3575 582 3629 ut
602 3572 691 3629 verba
712 3572 832 3630 alterius
853 3578 905 3631 aut
927 3593 980 3631 sua
1000 3572 1063 3650 ipsa
1084 3592 1122 3630 ex
1141 3592 1209 3648 pro·

139 3653 218 3711 fesso
252 3651 425 3728 explicaret;
460 3655 522 3710 tum
553 3650 640 3709 etiam
672 3651 740 3726 quia
770 3657 896 3711 mentem
927 3653 1015 3712 unius
1045 3654 1209 3728 Prophetae,

139 3733 284 3807 Apostoli,
306 3735 361 3790 etc.
383 3752 421 3789 ex
440 3737 537 3790 mente
558 3731 680 3790 alterius
700 3732 871 3791 concludere
891 3753 951 3791 non
971 3753 1132 3809 possumus,
1154 3732 1210 3791 nisi

134 3811 171 3871 in
191 3814 278 3871 rebus
298 3831 381 3871 usmn
402 3811 472 3870 vitae
493 3811 700 3889 spectantibus,
722 3816 755 3870 ut
773 3812 834 3887 jam
853 3813 1004 3872 evidenter
1017 3812 1209 3884 ostendimus;
