2662 4298
178 301 211 340 VI

178 474 238 527 tam
259 469 294 527 dc
314 471 400 528 rebus
420 468 526 544 opticis
547 489 633 544 quam
653 469 857 545 philosophicis
875 469 970 544 egisse
985 474 1099 528 constet
1115 468 1133 541 ¹,
1150 475 1179 529 et
1193 471 1249 529 alia

177 576 208 634 in
228 575 417 651 autographis
436 548 751 634 Xmstelodamensibus
779 580 907 635 servata.

218 683 336 756 Deinde,
365 703 452 759 quum
473 684 518 742 hee
538 682 673 758 Epistola
694 688 833 741 nontam
858 683 976 741 valeant
999 684 1034 741 ad
1058 683 1188 760 Spinozae
1209 686 1249 743 fa-

177 790 303 849 miliares
333 790 547 865 cognoscendos
582 809 667 864 quam
697 790 733 847 ad
765 789 915 864 opiniones
936 789 1150 866 intelligendas,
1178 811 1249 866 quas

178 897 264 955 certis
284 897 461 972 temporibus
481 896 542 972 ipse
563 896 767 966 enuntiaverit,
800 916 901 954 earum
923 896 1053 955 ordinem
1074 897 1116 955 ita
1136 902 1250 956 mutare

179 1005 271 1063 visum
299 1009 352 1074 est,
380 1008 413 1062 ut
433 1005 488 1062 hoc
508 1003 647 1079 imprimis
667 1003 853 1061 manifestum
875 1004 967 1062 fieret.
1003 1004 1038 1061 In
1060 1025 1116 1079 qua
1137 1025 1169 1063 rc
1191 1005 1249 1063 dis-

178 1112 349 1170 sentientem
379 1131 449 1170 sane
480 1113 618 1170 habemus
640 1110 835 1169 doctissimum
858 1111 988 1186 Anglum
1009 1112 1151 1170 Iacobum
1174 1114 1249 1171 Mar·

178 1216 286 1288 tineas,
318 1218 366 1292 qui
397 1218 555 1293 Epistolam
585 1217 615 1275 in
645 1222 746 1276 nostra
778 1217 904 1275 editione
933 1217 1032 1275 XLIII
1052 1223 1119 1293 post
1140 1219 1250 1276 LXXV

180 1324 317 1400 scriptam
349 1345 412 1383 esse
439 1325 572 1400 perhibet
589 1322 608 1383 ⁹.
643 1325 685 1382 At
705 1324 736 1381 in
757 1322 884 1399 Operum
905 1325 1128 1382 Posthumorum
1150 1327 1250 1400 praefa·

180 1431 259 1489 tione
278 1432 340 1490 haec
360 1431 496 1506 legimus:
536 1431 686 1506 „Epistola
710 1430 740 1488 in
761 1429 889 1491 ordinem
911 1434 986 1488 sunt
1006 1430 1131 1489 redactae
1155 1477 1161 1488 .
1185 1477 1191 1490 .
1214 1477 1220 1490 .
1244 1477 1250 1489 .

185 1537 284 1612 „juxta
313 1540 444 1612 tempora
473 1536 504 1594 in
534 1535 637 1611 quibus
666 1541 793 1594 exaratae
824 1540 912 1595 sunt:
948 1556 982 1594 ea
1012 1541 1110 1595 tamon
1138 1538 1251 1596 ratione

184 1642 339 1716 „ordinata
370 1648 438 1702 sunt
468 1648 501 1701 ut
531 1663 630 1701 omnes
661 1643 787 1719 ejusdem
817 1642 884 1700 Viri
918 1641 1053 1719 Epistola
1085 1649 1115 1702 et
1144 1645 1252 1703 adeas

186 1750 402 1826 „responsiones
431 1770 462 1809 se
491 1750 615 1809 invicem
645 1750 829 1825 sequantur.'’
866 1750 960 1820 Quum
984 1770 1054 1809 vero
1076 1753 1129 1827 Ep.
1153 1753 1252 1811 XLIII

181 1859 260 1933 (olim
289 1859 396 1932 XLIX)
423 1878 591 1934 responsum
618 1857 764 1916 contineat
791 1858 912 1915 adeam
935 1876 997 1932 quae
1020 1859 1152 1933 proxime
1173 1864 1252 1918 ante-

181 1966 265 2038 cedit,
298 1985 395 2023 mense
426 1967 493 2023 Jan.
524 1985 550 2023 a.
584 1965 670 2022 1671.
702 1964 850 2040 scriptam,
882 1969 912 2022 et
942 1970 1065 2040 utraque
1095 1968 1131 2023 ab
1154 1967 1252 2025 amicis

182 2077 250 2131 ante
270 2073 406 2148 epistolas
426 2071 623 2130 Leibnitianas
644 2075 673 2128 et
693 2070 881 2129 Fabricianas
901 2071 996 2146 posita
1018 2071 1055 2129 sit
1073 2070 1093 2143 ³,
1115 2073 1178 2130 fieri
1199 2073 1250 2132 vix

181 2183 277 2255 potest
297 2183 330 2238 ut
350 2180 386 2237 ad
407 2199 514 2263 annum
537 2179 623 2237 1675.
644 2177 693 2236 illa
713 2177 865 2253 pertineat.
904 2178 964 2236 Nec
986 2178 1071 2254 juvat
1091 2200 1252 2254 provocare

164 2288 218 2346 ¹ad
239 2290 329 2346 verba
348 2287 482 2363 Epistolae
503 2288 609 2346 LXXV
629 2286 659 2344 in
679 2286 778 2343 XLIII
799 2284 928 2360 repetita
943 2283 964 2357 ⁴,
986 2285 1135 2361 inquibus
1152 2292 1253 2346 auctor

182 2393 324 2451 addiderit
353 2393 525 2468 particulam
557 2393 634 2468 qaod
661 2396 728 2466 post
755 2391 985 2466 conjunctionem
1010 2393 1062 2464 cel,
1092 2393 1251 2451 orationem

182 2499 290 2558 scilicet
310 2504 506 2566 correcturus;
528 2519 595 2557 nam
616 2503 645 2556 et
665 2497 695 2555 in
716 2498 847 2572 exemplo
872 2497 926 2572 Ep.
949 2499 1055 2555 LXXV
1084 2498 1120 2555 ad
1146 2499 1251 2557 Olden-

183 2605 316 2679 burgium
337 2605 422 2664 misso
444 2609 541 2664 exstat
561 2605 610 2663 illa
623 2603 774 2680 particula,
790 2609 879 2680 atquc
894 2603 936 2662 ita
950 2603 1068 2662 videtur
1082 2605 1176 2663 otiosa
1190 2626 1252 2664 esse

222 2787 227 2813 ¹
259 2785 296 2832 Ol.
320 2785 428 2830 diarium
453 2798 473 2831 c.
496 2787 513 2830 t.
538 2784 566 2828 de
590 2782 747 2839 Levensbode,
770 2783 819 2828 III.
843 2796 886 2841 pp.
903 2783 949 2828 252
967 2796 1022 2840 sqq.
1055 2783 1175 2829 Attamen
1192 2788 1253 2843 post

186 2875 331 2932 evulgatam
347 2875 484 2920 editionem
501 2876 615 2918 nostram
631 2872 739 2930 primam
756 2871 787 2916 ab
805 2872 1009 2917 accuratissimis
1026 2872 1084 2916 vitae
1096 2873 1252 2930 Hugenianso

185 2963 389 3022 exploratoribus
413 2965 571 3021 compertum
595 2964 642 3018 est,
666 2961 709 3006 vix
732 2961 788 3006 fieri
811 2973 888 3019 posse
913 2961 974 3018 quin
999 2960 1057 3006 heic
1080 2961 1138 3007 Joh.
1160 2962 1252 3008 Hudde

187 3053 274 3099 consul
291 3052 535 3098 Amstelodamensis
551 3051 621 3096 illlus
637 3050 693 3096 loco
710 3050 874 3109 reponendus
893 3050 936 3096 sit.

218 3143 228 3170 ²
259 3142 280 3187 Α
297 3141 378 3199 Study
394 3141 423 3186 of
438 3141 553 3199 Spinoza
585 3139 621 3197 By
636 3139 723 3185 James
739 3139 891 3196 Martineau,
908 3134 1107 3196 LL5D.‚1>.1>.‚
1124 3139 1252 3198 Principal

185 3231 214 3277 ol
238 3231 400 3277 Manchester
423 3230 483 3277 Now
504 3230 615 3287 college,
638 3228 753 3274 London.
781 3228 840 3274 1882
869 3232 895 3274 et
922 3228 990 3274 1883.
1015 3229 1043 3274 Ρ.
1060 3229 1098 3274 98.
1117 3230 1252 3287 utriusque

185 3319 313 3366 editionis.

218 3409 228 3436 ⁸
258 3408 305 3466 Ep.
321 3407 357 3464 L.‚
373 3409 440 3452 teste
456 3407 537 3452 veteri
553 3406 600 3452 Ed.
611 3405 689 3464 Belg„
701 3406 849 3464 nescioquo
865 3419 952 3452 errore
963 3407 993 3451 ad
1003 3420 1036 3452 m.
1046 3407 1141 3465 MaJ'um
1152 3421 1173 3452 a.
1185 3406 1251 3452 1671.

185 3497 274 3554 relata,
290 3497 398 3554 ideoque
415 3499 441 3542 et
456 3496 483 3541 in
500 3497 562 3554 Opp.
575 3495 661 3541 Posth.
673 3508 807 3554 perperam
821 3495 946 3541 collocata
959 3498 1011 3547 est;
1024 3496 1074 3541 etsi
1082 3496 1108 3540 in
1120 3496 1161 3540 hle
1171 3508 1252 3541 annus

189 3586 255 3634 1674.
272 3588 340 3632 recte
356 3585 492 3642 indicatur,
508 3585 602 3643 quippe
619 3597 668 3642 quo
681 3583 807 3642 prodierit
820 3583 885 3629 liber
896 3585 1106 3630 Mansveldianus
1119 3598 1133 3629 a
1144 3583 1254 3641 Spinoza

186 3676 325 3734 inspectus.

219 3767 230 3793 ⁴
260 3764 323 3810 Vide
339 3764 406 3809 infra
421 3776 496 3822 pagg.
513 3762 566 3808 349.
583 3776 620 3808 vs.
638 3763 659 3808 7.
675 3765 702 3809 et
718 3761 771 3808 414.
789 3775 827 3812 vs.
845 3762 866 3807 7.
884 3775 898 3806 a
915 3762 933 3807 f.
