2662 4298
132 337 190 394 360
544 356 688 396 semrom
708 357 789 395 xnrx.

131 523 166 578 V.
199 522 318 579 eandem
350 521 502 596 aliquoties
533 541 616 580 ame
637 521 763 597 repetiit.
785 522 821 580 Si
843 543 916 584 mea
941 532 1036 598 esset,
1058 530 1122 589 nihil
1136 533 1182 590 fest

131 621 239 660 narem.
261 602 334 659 Vale
355 601 401 659 vir
422 601 604 676 amplissime,
627 606 657 660 et
677 601 720 660 tui
740 602 832 661 amici
855 624 981 666 memor
1005 609 1081 682 vive,
1102 612 1182 688 quim

614 736 701 795 Omni
720 735 831 809 affectu
855 746 952 815 atque
975 746 1077 802 studio
1100 746 1166 815 Taua,

164 814 240 872 Haga·
258 815 327 859 Com.
346 814 381 859 11.
399 815 518 862 Decemb.
537 815 605 861 1673.

706 869 709 876 ’
740 878 946 940 Bnunnrerus
971 903 1014 942 nu
1037 905 1154 946 semem.

223 956 345 1014 Epistolae
362 957 509 1016 Inscriptio.

164 1044 221 1101 lfyn
239 1045 303 1089 Heer

131 1106 191 1163 llyn
210 1107 274 1151 Heca·
290 1108 399 1151 Johones
417 1108 504 1165 Georp.
524 1108 667 1164 (ἰν-(θυίαν,

223 1170 276 1214 Dei·
292 1171 360 1228 Eloq.
377 1171 430 1215 ord.
448 1171 579 1228 Professor

130 1293 199 1338 Purt.
600 1234 748 1353 Tolt'ylrecht.

522 1534 736 1593 Emesena
766 1536 799 1595 L.

328 1669 396 1726 Viro
427 1669 644 1729 Humonlsslmo
667 1677 751 1747 atque
772 1671 1023 1738 Prudentiesimo

434 1802 649 1861 JARIGH
683 1803 894 1864 JELLES

587 1939 620 1996 B.
648 1958 676 1997 u.
705 1938 733 1997 S.

581 2070 683 2129 Versio
699 2074 740 2130 **.

248 2151 462 2209 Ilumonisslme
492 2151 552 2222 Vir,

174 2259 318 2328 Quantum
350 2260 386 2316 ad
418 2258 567 2315 Politicam
589 2264 709 2333 spectat,
731 2258 885 2317 discrimen
906 2260 997 2323 inter
1019 2289 1071 2328 me
1095 2277 1127 2330 et
1146 2273 1207 2330 Hoh-

131 2339 249 2410 besium,
272 2341 306 2396 dc
328 2360 384 2416 quo
405 2338 577 2412 interrogas
599 2339 629 2395 in
650 2339 705 2396 hoc
726 2338 865 2413 consistit,
889 2345 975 2415 quod
1001 2367 1064 2424 ego
1089 2353 1209 2411 naturale

130 2421 184 2476 Jus
215 2439 327 2494 semper
358 2424 467 2477 sartum
489 2423 597 2476 tectum
619 2438 766 2489 conservo,
789 2419 925 2493 quodque
948 2424 1111 2502 Supremo
1132 2433 1209 2507 Magi·

130 2500 233 2556 stratui
252 2500 281 2556 in
303 2500 432 2574 qualibet
452 2501 531 2557 Urbe
552 2519 609 2556 non
630 2499 694 2574 plus
715 2499 744 2557 in
766 2498 896 2557 subditos
917 2503 1015 2578 juris,
1032 2530 1128 2585 quam
1140 2515 1211 2589 juxa

129 2598 292 2636 mensuram
327 2580 487 2653 potestatis,
509 2600 565 2654 qua
586 2580 731 2637 subditum
752 2583 878 2655 superat,
902 2594 1091 2660 competere
1114 2599 1210 2661 statuo,

130 2659 205 2732 quod
228 2659 258 2714 in
280 2663 357 2715 statu
378 2659 509 2716 Naturali
531 2679 642 2735 semper
662 2660 755 2718 locum
776 2661 872 2717 habet.

158 2808 169 2832 *
187 2809 224 2852 Ex
241 2810 349 2867 epistola
366 2810 480 2867 eiusdem
499 2811 598 2867 Graevii,
615 2812 726 2868 Trajecti
744 2812 775 2855 ad
791 2810 907 2855 Rhenum
927 2813 952 2857 d.
974 2817 1027 2862 12(
1039 2821 1132 2881 April,
1154 2826 1212 2871 1611·

127 2872 159 2916 ad
183 2872 338 2916 Leibuitimn
364 2874 468 2930 scripta,
492 2887 546 2930 qum
571 2875 595 2917 in
620 2873 688 2920 Bibl.
712 2874 773 2931 Reg.
798 2873 971 2921 Hanoverana
1002 2891 1145 2941 servatur,
1168 2889 1213 2933 hac

129 2935 325 2992 descripsimus:

159 2998 231 3041 Auno
257 2998 387 3054 superiore
412 2999 507 3056 prodiit
531 2999 573 3043 hic
597 2999 662 3042 liber
686 2997 921 3056 pestilentissimus,
950 3003 1034 3059 cnjus
1061 3010 1213 3059 11,d0xe313

128 3060 264 3104 Discursus
284 3060 561 3117 Thebaico-Peliacus,
578 3061 621 3118 qui
639 3063 665 3106 et
680 3061 735 3118 ipse
746 3059 935 3105 Hobbssiauam
949 3071 1070 3116 secutus
1080 3075 1163 3131 viam,
1173 3076 1214 3121 scd

128 3123 230 3179 longius
247 3126 331 3166 tamen
345 3124 482 3180 saepissime
495 3124 526 3167 ab
540 3138 569 3168 ea
578 3124 655 3168 etiam
664 3123 809 3177 deflectens,
818 3122 1025 3179 injustissimum
1034 3132 1086 3188 jus
1096 3139 1214 3183 mturalo

128 3186 269 3237 constituit,
296 3188 321 3229 ct
346 3185 500 3231 labefactata
524 3199 653 3231 sacrorum
678 3186 834 3230 voluminum
859 3187 1020 3235 anctoritate
1051 3195 1213 3245 latissimam

125 3245 259 3316 ἀθεότητι
284 3248 422 3292 fenestram
448 3250 555 3306 aperuit.
582 3250 677 3293 Auctor
703 3249 757 3305 eJus
775 3248 868 3292 dieitur
884 3260 941 3292 esse
960 3250 1087 3312 Judaeus,
1107 3265 1213 3308 nmine

125 3320 240 3378 Spumea,
257 3322 300 3377 qui
318 3320 412 3364 [ludum
430 3319 650 3389 ἀποσυνάγωγος
666 3320 715 3365 fuit
731 3322 836 3378 propter
848 3319 1000 3378 opinionum
1014 3336 1157 3389 monstra,
1169 3336 1213 3380 sed

125 3396 151 3437 et
168 3393 223 3449 ejus
240 3393 304 3437 liber
321 3393 427 3437 eandem
445 3394 477 3438 ob
495 3406 597 3437 causam
608 3392 768 3450 proscriptus
781 3394 821 3436 est
832 3391 863 3435 ab
877 3391 1014 3439 ordinibus
1027 3397 1213 3463 [It—„ficum

122 3468 183 3498 arim
201 3456 226 3497 ln
245 3455 379 3499 llollondia
396 3456 438 3499 hoc
454 3469 519 3499 (riano
537 3455 603 3499 1674.
621 3455 715 3498 denulm
732 3453 842 3510 farlrlml.
860 3453 925 3497 Puto
937 3456 963 3498 te
976 3457 1097 3515 vidisse:
1119 3469 1144 3512 si
1160 3484 1210 3513 nou

125 3516 220 3570 vidisti,
238 3530 339 3574 operam
358 3517 423 3561 dabo
440 3521 468 3563 ut
486 3517 517 3562 ad
535 3520 560 3562 te
577 3518 726 3575 perferatur.

157 3578 302 3634 (Gerhardt,
322 3580 369 3624 Die
386 3579 477 3637 philos.
495 3579 624 3625 Schriften
640 3593 688 3623 von
707 3579 736 3624 G.
753 3579 788 3624 W.
805 3578 918 3623 Leibniz.
935 3578 955 3622 Ι.
972 3578 1068 3629 Berlin
1091 3590 1167 3637 1815.
1186 3595 1210 3639 S.

126 3640 189 3696 115.)

152 3703 327 3748 Eodemmodo
345 3717 410 3748 anuo
430 3705 495 3749 1618.
509 3704 635 3762 judicavit
645 3703 676 3748 de
688 3704 806 3762 Spinozae
818 3703 880 3761 Opp.
892 3702 994 3754 Posth.;
1008 3707 1041 3751 ef.
1052 3709 1207 3762 &manni

124 3766 228 3825 Sylloge
244 3766 325 3823 Epist.
343 3766 384 3821 IV,
401 3780 425 3824 p.
442 3767 496 3822 475,
512 3780 599 3812 verum
616 3766 693 3810 etiam
710 3780 733 3824 p.
750 3766 803 3810 189.

157 3827 182 3854 **
199 3831 219 3873 A
237 3827 347 3886 Spinoza
364 3830 438 3885 facta,
455 3830 576 3887 exceptis,
593 3831 622 3872 ut
638 3828 746 3883 videtur,
763 3828 860 3873 ultimis
878 3828 1024 3874 sententiis.
