2662 4298
490 345 847 387 rnaonoemoronrmeun.
1145 330 1202 388 185

130 513 248 574 turbari
280 511 396 586 viderit,
428 513 618 588 Babyloniam
650 513 754 573 iterum
786 514 918 590 petierit,
950 515 1133 589 quodetiam
1155 515 1204 574 alii

132 593 274 665 fecerunt,
306 597 339 652 ut
363 597 445 669 patet
466 612 501 651 ex
523 593 641 652 Nehem.
664 614 726 670 cap.
751 596 776 653 1.
802 615 846 653 νε.
869 597 912 664 2.;
934 594 1029 669 ibique
1054 596 1203 671 usquead

132 673 323 750 Artaghsasti
353 693 477 748 regnum
497 673 646 745 manserit,
668 675 767 745 donec,
789 675 952 751 impetratis
972 696 1037 752 quar
1059 676 1201 746 voluerat,

133 756 259 814 secundo
290 753 522 830 Hierosolymam
543 753 636 830 petiit.
657 755 811 814 Nehemias
832 755 918 814 etiam
939 776 1004 814 cum
1027 757 1203 815 Zorobabele

134 834 365 910 Hierosolymam
386 838 516 909 tempore
537 834 605 910 Gyri
625 835 724 910 petiit3
748 835 805 895 vid.
827 836 952 911 ngzrae
975 856 1036 912 cap.
1060 838 1087 895 2.
1110 856 1153 896 νε.
1175 837 1202 894 2.

132 920 161 974 et
182 917 243 987 63,
265 934 349 990 quem
370 915 470 972 confer
490 934 554 973 oum
576 935 618 974 vs.
641 916 668 974 9.
691 935 752 991 cap.
777 916 835 986 10.,
849 913 969 975 Nehem.
985 936 1047 992 cap.
1062 917 1107 975 10.
1119 936 1162 975 νε.
1177 919 1203 975 1.

132 995 208 1054 Nam
240 995 316 1070 quod
346 993 520 1070 interpretes
549 996 721 1054 nanim*
752 999 874 1073 deputam
904 1001 1033 1067 vertunt,
1065 997 1143 1055 nullo
1175 996 1204 1054 id

132 1075 267 1150 exemplo
287 1077 421 1150 probant,
443 1094 507 1133 cum
528 1080 630 1134 eontra
651 1080 761 1134 certum
776 1076 814 1134 sit
828 1077 903 1150 quod
915 1078 935 1134 J
936 1076 1034 1147 udaeis,
1049 1077 1097 1151 qui
1109 1077 1205 1136 aulam

129 1157 318 1231 frequentare
350 1155 503 1227 debebant,
534 1175 612 1214 nova
643 1155 760 1214 nomina
781 1155 1011 1232 imponebantur.
1034 1157 1080 1214 Sic
1101 1156 1205 1215 Daniel

130 1237 309 1305 Beltesasar‚
333 1235 493 1294 Zerubabel
514 1235 653 1294 Sesbasar
674 1235 743 1309 (vid.
765 1237 839 1294 Dan.
856 1256 917 1311 cap.
933 1237 958 1296 1.
973 1256 1016 1294 νε.
1030 1238 1066 1307 7.,
1078 1237 1204 1310 ngzrae
1312 1308 1315 1315 Ι

129 1336 196 1392 cap.
231 1316 257 1373 1.
290 1335 334 1375 νε.
369 1317 396 1374 8.
430 1320 460 1374 et
490 1335 553 1391 cap.
587 1319 614 1375 5.
649 1336 692 1375 vs.
727 1316 785 1390 14),
817 1321 847 1374 et
877 1316 1032 1374 Nehemias
1052 1316 1204 1375 Hatirsata

132 1397 304 1455 vocabatur.
326 1396 368 1454 At
387 1395 501 1454 ratione
522 1396 608 1454 officii
629 1396 752 1455 salutari
772 1397 883 1456 solebat
904 1399 970 1454 nun
987 1404 1163 1472 procurator
1180 1417 1203 1455 ε.

121 1495 257 1553 presses,
277 1475 344 1534 vide
364 1475 484 1535 Nehem.
506 1495 568 1552 cap.
591 1478 618 1534 5.
641 1496 684 1535 vs.
709 1477 755 1536 14.
777 1482 808 1535 et
828 1497 890 1552 cap.
915 1478 961 1536 12.
982 1497 1026 1536 νε.
1049 1478 1096 1535 26.
1120 1478 1146 1535 ll
1166 1484 1205 1535 est

127 1559 205 1616 donc
222 1559 331 1615 certain
343 1557 545 1633 pu’Atirauthc
557 1564 595 1615 cst
607 1577 647 1615 un
658 1576 724 1616 nom
731 1576 852 1634 propre,
866 1577 972 1617 contine
986 1559 1204 1633 Hetaelelpdoni,

128 1638 294 1695 Hateobeba
326 1637 353 1695 1.
376 1638 476 1696 Porci.
500 1637 527 1696 4.
548 1654 589 1696 os.
613 1638 640 1708 3,
663 1638 690 1708 8,
714 1639 866 1715 Hellophes
888 1639 1002 1697 Nehem.
1026 1640 1073 1696 10.
1095 1657 1133 1696 re.
1157 1638 1204 1696 25.

131 1724 158 1775 et
180 1719 257 1776 ainai
277 1719 319 1776 du
338 1725 417 1776 reste.

159 1851 174 1875 ⁴*
191 1848 248 1896 LB:
265 1849 429 1906 Attracbato;
445 1849 483 1895 M:
501 1851 649 1908 interpretes
665 1849 700 1895 ita·
716 1850 831 1909 leyatum.

625 2039 708 2096 XXV

511 2187 553 2243 (ad
569 2200 626 2246 pag.
644 2187 681 2243 86,
706 2190 767 2232 tom.
784 2187 828 2244 II).

172 2321 232 2378 LB.
256 2320 356 2378 Mona.
380 2318 546 2395 Synagoga,
570 2339 635 2396 quaa
658 2319 762 2378 dicitur
782 2339 897 2394 magna,
909 2317 1023 2376 initium
1034 2338 1091 2376 non
1102 2319 1204 2379 habuit

130 2400 189 2459 nisi
210 2402 363 2476 postquam
384 2398 457 2458 Asia
478 2420 495 2457 a
506 2399 713 2459 Macedonibus
724 2402 844 2458 subacta
854 2399 918 2458 fuit.
931 2398 1012 2469 Quod
1024 2403 1120 2457 autem
1132 2401 1203 2458 Mai-

130 2480 272 2554 monides,
313 2481 347 2537 R.
383 2480 532 2538 Abraham
564 2482 620 2538 ben
651 2479 754 2550 David,
787 2485 817 2539 et
852 2479 908 2552 alii,
944 2484 1085 2551 statuunt,
1118 2480 1205 2557 hujus

132 2559 248 2619 concilii
299 2558 439 2636 praesides
489 2560 580 2619 fuisse
627 2561 783 2635 ngzram,
825 2560 983 2630 Danielem,
1025 2560 1203 2634 Nehemiam,

133 2641 336 2716 Ghaggaeum
359 2640 539 2710 Zachariam,
561 2645 626 2712 etc,
648 2640 799 2699 ridiculum
820 2642 989 2717 figmentum
1010 2646 1063 2707 est,
1081 2662 1134 2701 nec
1148 2642 1205 2701 alio

131 2721 321 2780 fundamento
351 2720 486 2779 nituntur
518 2741 604 2796 quam
637 2721 814 2780 Rabinorum
836 2722 1001 2792 traditione,
1024 2722 1073 2796 qui
1094 2723 1204 2783 scilieet

132 2801 263 2872 tradunt,
294 2801 449 2860 Persarum
476 2820 599 2876 regnum
631 2802 678 2859 34.
711 2821 803 2860 annos
834 2802 957 2872 stetisse,
991 2823 1049 2860 non
1071 2803 1203 2878 amplius.

133 2881 194 2940 Nec
225 2881 282 2939 alia
313 2880 425 2939 ratione
446 2883 570 2957 probare
590 2887 720 2957 possunt,
743 2883 859 2940 decreta
880 2901 994 2956 magnae
1015 2882 1100 2941 istius
1120 2903 1204 2960 syna·

134 2981 219 3037 gogae
251 2981 274 3020 ε.
309 2961 421 3037 synodi,
454 2981 472 3019 a
502 2961 571 3020 solis
602 2961 767 3020 Pharisaeis
799 2961 915 3032 habitae,
937 2967 1056 3037 accepta
1077 2963 1204 3022 fuissea

132 3041 293 3118 prophetis,
316 3041 367 3117 qui
387 3042 487 3100 eadem
508 3044 545 3100 ab
567 3041 630 3100 aliis
650 3041 799 3118 prophetis
820 3041 1007 3117 accepissent,
1023 3046 1052 3100 et
1066 3042 1107 3101 sic
1118 3062 1204 3118 porro

133 3141 225 3198 usque
246 3122 283 3180 ad
303 3122 414 3196 Mosen,
437 3121 487 3198 qui
508 3122 606 3180 eadem
629 3125 665 3181 ab
686 3124 749 3198 ipso
770 3123 832 3179 Deo
853 3120 1020 3196 accepisset,
1036 3127 1066 3181 et
1079 3122 1204 3197 posteris

133 3222 193 3273 ore,
215 3222 275 3261 non
295 3201 412 3278 scripto,
434 3202 595 3261 tradiderit.
618 3203 673 3261 sed
694 3204 756 3261 haec
777 3221 821 3272 ea,
842 3221 900 3278 qua
926 3202 1029 3273 solent,
1044 3201 1204 3277 pertinacia

133 3282 286 3341 Pharisaei
314 3283 448 3341 credant:
477 3284 635 3358 prudentes
660 3287 766 3353 autem,
789 3282 838 3358 qui
859 3281 1042 3341 conciliorum
1064 3286 1094 3340 et
1114 3301 1202 3356 syno-

134 3364 235 3422 dorum
257 3382 369 3433 oausas,
390 3367 420 3421 et
441 3362 525 3422 simul
546 3363 757 3423 Pharisaeorum
779 3368 809 3421 et
829 3362 1072 3421 Tsadducaeorum
1091 3366 1202 3420 contro-

133 3443 246 3502 versias
273 3448 389 3515 norunt,
411 3443 495 3501 facile
516 3444 658 3519 conjicere
679 3447 843 3520 poterunt*
865 3462 968 3501 causas
989 3462 1104 3517 magnae
1126 3440 1203 3500 illius

134 3543 294 3600 synagogae
326 3544 349 3583 s.
380 3523 493 3582 concilii
521 3525 707 3584 convocandi.
729 3524 794 3582 Hoc
815 3527 925 3582 certum
947 3527 1000 3594 est,
1022 3522 1063 3580 illi
1084 3521 1203 3581 concilio
1304 3552 1305 3556 ¹

133 3605 229 3663 nullos
249 3603 415 3663 inte1duisse
435 3605 602 3680 prophetae,
625 3610 654 3663 et
674 3603 888 3663 Pharisaeorum
912 3603 1036 3675 decreta,
1052 3622 1123 3679 ,quae
1145 3607 1201 3660 tra-

135 3684 259 3744 ditiones
280 3689 395 3756 vocant
418 3684 621 3744 auctoritatem
642 3705 680 3743 ex
700 3685 798 3743 eodem
821 3683 940 3742 concilio
962 3683 1114 3759 accepisse.

163 3809 241 3868 *LB‚
258 3809 298 3856 M:
312 3815 457 3868 potuerunt.
