2662 4298
430 351 746 393 remmono-somma
770 354 832 394 cnr.
856 353 921 392 1111.
1168 337 1205 394 55

128 516 273 587 educatio,
306 521 336 575 61
366 538 454 594 supra
484 519 581 579 omnia
601 519 747 594 proprium
769 523 798 577 et
818 518 940 577 liberum
960 519 1107 595 judicium.
1130 520 1201 579 Cum

127 597 221 672 igitur
252 617 394 656 summum
412 599 460 674 jus
479 599 569 658 libere
589 599 741 668 sentiendi,
763 599 850 657 etiam
873 600 908 657 de
929 599 1090 674 Religione,
1111 620 1200 677 penes

127 696 362 753 unumquemque
382 678 429 750 sit,
451 699 505 738 nec
524 680 616 755 possit
636 679 756 754 concipi,
778 679 902 754 aliquem
916 681 971 738 hoc
983 681 1049 755 jure
1063 680 1200 739 decedere

127 777 223 833 posse,
257 757 313 816 erit
333 777 403 833 ergo
424 759 511 818 etiam
531 780 620 835 penes
640 779 872 835 unumquemque
892 780 1034 818 summum
1052 761 1100 836 jus
1121 781 1198 820 sum-

128 857 234 913 maque
254 838 418 897 authoritas
438 840 473 898 de
493 840 643 915 Religione
663 840 753 898 libere
770 839 926 915 judicandi,
946 845 975 898 61
989 846 1201 917 consequenter

128 919 251 976 eandem
283 918 338 977 sibi
367 919 530 994 explicandi
561 927 590 978 61
620 920 846 995 interpretandi;
878 940 945 978 nam
976 922 1056 979 nulla
1087 921 1144 979 alia
1164 923 1200 980 de

128 1019 219 1057 causa
249 1019 361 1056 summa
392 1000 554 1059 authoritas
584 1001 664 1075 leges
694 1000 913 1075 interpretandi,
946 1005 975 1058 et
1003 1021 1143 1060 summum
1165 1001 1201 1060 de

127 1081 217 1138 rebus
247 1079 369 1154 pubhcis
396 1080 543 1156 judicium,
575 1101 665 1157 penes
694 1080 897 1155 magistratum
928 1085 981 1151 est,
1014 1102 1101 1156 quam
1132 1081 1201 1158 quia

127 1159 235 1235 publici
266 1159 340 1236 juris
364 1165 447 1219 sunt:
470 1161 599 1237 adeoque
620 1162 720 1220 eadem
742 1162 776 1218 de
797 1180 884 1219 causa
906 1181 1016 1218 summa
1039 1163 1201 1220 authoritas

127 1239 310 1314 Rehgionem
341 1241 512 1316 exphcandi,
545 1247 575 1299 et
605 1242 641 1299 de
672 1242 772 1299 eadem
800 1240 956 1315 judicandi,
986 1261 1075 1317 penes
1096 1261 1200 1300 unum-

128 1339 272 1396 quemque
306 1320 371 1391 erit,
405 1321 514 1379 scilicet
548 1321 615 1396 quia
649 1321 873 1395 uniuscujusque
905 1320 979 1395 juris
1014 1325 1066 1380 est.
1099 1323 1200 1396 Longe

127 1400 219 1474 igitur
249 1402 341 1471 abest,
369 1400 403 1459 111
424 1421 462 1459 ex
482 1401 659 1460 authoritate
680 1401 829 1459 Pontificis
849 1401 1041 1459 Hebraeorum
1062 1401 1099 1459 ad
1119 1402 1200 1475 leges

128 1480 238 1538 Patriae
259 1480 510 1556 interpretandum
532 1487 630 1557 posset
650 1481 782 1540 concludi
802 1481 925 1540 Romani
939 1481 1200 1540 Pontificisautho-

127 1560 203 1619 ritas
223 1561 261 1618 ad
271 1560 520 1637 interpretandum
530 1562 713 1637 rehgionem;
727 1567 912 1634 cumcontra,
927 1562 1003 1620 hanc
1014 1581 1201 1637 unumquem-

128 1660 187 1716 que
217 1641 343 1700 maxime
374 1643 491 1714 habere,
513 1642 626 1701 facilius
647 1662 685 1701 ex
705 1642 755 1700 illa
775 1643 972 1701 concludatur.
993 1642 1091 1717 Atque
1112 1642 1200 1700 etiam

131 1720 200 1780 hinc
248 1723 400 1780 ostendere
440 1742 601 1798 possumus,
643 1727 773 1781 nostram
812 1723 978 1781 methodum
1021 1722 1199 1797 Scripturam

131 1801 346 1877 interpretandi
386 1803 523 1879 optimam
567 1823 639 1862 esse.
670 1803 753 1875 Nam,
786 1822 851 1861 cum
881 1803 1007 1860 maxima
1038 1803 1201 1861 authoritas

131 1881 312 1956 Scripturam
342 1882 553 1959 interpretandi
574 1884 650 1958 apud
671 1902 901 1958 unumquemque
921 1883 967 1954 sit,
990 1882 1201 1958 interpretandi

131 1981 202 2037 ergo
233 1981 335 2031 norma
368 1962 440 2021 nihil
461 1966 545 2023 debet
567 1984 628 2022 esse
648 1968 757 2039 praeter
777 1965 888 2021 Lumen
908 1963 1047 2021 Naturale
1069 1963 1201 2021 omnibus

131 2062 295 2114 commune;
316 2063 375 2101 non
395 2044 485 2102 ullum
506 2064 594 2120 supra
614 2052 749 2103 naturam
769 2045 874 2113 lumen,
896 2064 990 2120 neque
1008 2044 1067 2102 ulla
1078 2048 1200 2102 externa

131 2122 310 2194 authoritas3
332 2143 390 2182 non
411 2124 498 2182 etiam
520 2126 605 2183 debet
625 2144 689 2183 esse
709 2125 781 2182 adeo
802 2123 933 2194 difficilis,
955 2128 1066 2181 utnon
1088 2123 1143 2182 nisi
1162 2126 1199 2181 ab

131 2202 305 2261 acutissimis
335 2204 518 2280 Philosophis
549 2205 635 2279 dirigi
665 2204 765 2280 possit,
787 2205 837 2261 sed
857 2203 984 2261 naturah
1004 2208 1034 2260 et
1055 2202 1199 2260 communi

131 2283 280 2342 hominum
310 2283 426 2359 ingenio
461 2289 491 2343 et
512 2285 665 2360 capacitati
686 2285 909 2350 accommodate,
931 2288 964 2341 ut
985 2287 1114 2340 nostram
1135 2301 1198 2340 esse

132 2363 318 2423 ostendimus
350 2365 482 2424 Vidimus
512 2366 598 2436 enim,
634 2385 692 2436 eas,
725 2384 797 2440 quas
815 2364 874 2439 jam
896 2364 992 2433 habet,
1014 2362 1198 2420 difficultates

134 2448 213 2502 ortas
233 2444 322 2502 fuisse
343 2448 379 2503 ab
401 2446 548 2505 hominum
568 2446 707 2520 socordia,
723 2465 781 2503 non
793 2448 889 2503 autem
900 2463 938 2502 ex
949 2442 1201 2502 naturamethodi.

527 2649 696 2708 CAPUT
727 2649 810 2708 Vlll.

174 2819 210 2876 In
232 2836 286 2892 qno
311 2820 477 2887 ostenditur,
500 2819 709 2877 Pentateuchon
727 2823 752 2876 et
773 2820 859 2877 libros
880 2819 987 2888 Josuoe,
1015 2818 1165 2886 Judicurn,

214 2899 283 2969 Rut,
306 2898 455 2970 Samuelis,
474 2906 498 2957 et
517 2900 627 2973 Regum
647 2918 705 2956 non
725 2918 780 2957 esse
801 2901 991 2974 outopronlru.
1015 2901 1126 2956 Deinde

266 2981 438 3053 inquiritur,
461 2999 499 3036 un
522 2998 621 3037 eorum
642 2981 770 3037 omniurn
793 2982 952 3053 Scriptores
969 2980 1070 3054 plures

361 3060 482 3132 fuerint,
504 3079 543 3117 un
563 3079 639 3117 unus
657 3066 779 3131 tuntum,
801 3067 825 3117 et
847 3062 977 3134 quinmn.

174 3245 210 3303 In
230 3245 408 3321 praecedenti
428 3245 529 3320 Capite
551 3245 585 3302 de
606 3244 801 3303 fundamentis
822 3248 850 3302 et
869 3243 1016 3319 principiis
1030 3244 1205 3318 cognitionis

137 3325 348 3401 Scripturarum
377 3325 497 3400 egimus,
527 3345 619 3401 eaque
648 3325 727 3383 nulla
748 3325 804 3382 alia
825 3344 887 3382 esse
908 3324 1093 3393 ostendimus
1117 3344 1203 3399 quam

136 3406 238 3464 harum
273 3405 414 3464 sinceram
446 3405 605 3464 historiam.
633 3407 719 3463 Hanc
745 3410 852 3480 autem,
882 3423 1047 3482 quanquam
1075 3403 1207 3478 apprime

136 3485 335 3555 necessariam,
358 3487 479 3544 Veteres
499 3490 597 3544 tamen
618 3485 790 3560 neglexisse,
812 3485 868 3558 vel,
890 3484 914 3542 si
935 3503 1021 3559 quam
1035 3483 1207 3559 scripserint

136 3571 186 3625 aut
223 3566 406 3636 tradiderint,
444 3571 605 3641 temporum
635 3566 742 3641 injuria
773 3565 900 3640 periisse,
933 3569 963 3622 et
994 3569 1206 3640 consequenter

136 3666 272 3722 magnam
299 3651 411 3721 partem
439 3647 691 3704 fundamentorum
719 3651 748 3703 et
769 3645 973 3721 principiorum
994 3645 1081 3720 hujus
1102 3645 1203 3720 cogni·

136 3727 223 3785 tionis
243 3726 431 3796 intercidisse.
455 3727 536 3796 Quod
559 3727 652 3784 adhuc
672 3726 854 3784 tolerandum
868 3729 953 3795 esset,
969 3725 994 3783 si
1008 3725 1116 3800 posteri
1127 3725 1209 3784 intra

136 3826 222 3865 veros
248 3806 353 3865 limites
383 3826 414 3865 se
442 3806 659 3878 continuissent,
688 3811 717 3864 61
744 3825 845 3880 pauca,
875 3825 940 3882 quae
961 3811 1134 3881 acceperant
1155 3811 1207 3864 aut
