2662 4298
597 353 734 394 EPISTULA
754 356 850 396 XXXII.

466 528 681 586 Er1sroun
702 528 816 586 XXXII
837 528 914 602 (oum
930 530 986 602 Xv).

466 679 648 737 Nobilissimo
669 697 703 737 oo
723 679 893 737 Dootraeimo
920 679 989 736 Viro

326 837 328 841 ’
407 828 638 888 ΗΕΝΒΙΟΟ
673 827 1054 887 OLDENBURGIO

660 979 694 1036 Β.
716 999 744 1038 n.
767 978 796 1038 S.

508 1129 664 1204 Responsio
686 1131 726 1187 ool
741 1131 957 1204 praecedentem.

284 1263 337 1320 Vir
358 1263 547 1333 Nobilissime,

238 1396 320 1466 Quod
341 1415 386 1454 me
407 1395 443 1453 ad
465 1394 729 1470 Philosophandum
744 1399 777 1453 tu
792 1399 821 1453 et
835 1393 1034 1453 Nobilissimus
1049 1395 1082 1469 o)
1098 1396 1138 1454 D.
1156 1397 1284 1472 Boylius

197 1477 322 1551 benigne
346 1475 511 1546 hortamini,
532 1475 674 1534 maximas
695 1476 786 1534 habeo
809 1475 919 1550 gratias
934 1476 979 1547 b);
1001 1494 1055 1549 ego
1080 1475 1208 1551 quidem
1229 1499 1282 1554 pro

196 1556 339 1615 tenuitate
370 1555 426 1613 mei
456 1555 574 1631 ingenii,
607 1561 748 1631 quantum
779 1575 851 1630 queo
867 1557 901 1628 o),
926 1574 1025 1630 pergo,
1048 1575 1112 1613 non
1134 1557 1281 1617 dubitans

195 1635 310 1694 interim
343 1636 378 1693 de
401 1641 499 1695 vestro
521 1635 629 1695 auxilio
652 1639 681 1693 et
702 1636 913 1694 benevolentia.
934 1635 991 1694 Ubi
1013 1636 1134 1710 quaeris
1161 1639 1234 1712 quid
1250 1642 1279 1708 d)

196 1715 319 1774 sentiam
339 1714 416 1773 circa
437 1717 634 1791 quaestionem,
657 1735 721 1791 quae
743 1716 773 1774 in
794 1737 827 1774 eo
850 1720 993 1789 versatur,
1010 1724 1042 1773 nt
1056 1736 1281 1792 copnoaeomua,

197 1798 336 1872 quomodo
367 1815 546 1871 unaqueque
573 1816 647 1872 pora
680 1798 803 1855 Notnroe
831 1817 895 1855 oum
915 1816 967 1854 atro
988 1803 1043 1855 toto
1064 1801 1234 1869 conveniat,
1257 1808 1281 1857 et

198 1896 254 1952 quo
285 1878 399 1933 ratione
428 1895 493 1935 cum
523 1878 641 1952 reliquia
671 1878 816 1946 cohaereat,
848 1880 918 1952 puto
949 1881 979 1934 te
1000 1896 1108 1951 rogare
1129 1879 1278 1951 rationeS,

198 1955 301 2033 quibus
325 1956 532 2032 persuademur
546 1959 579 2029 o),
601 1977 833 2032 unamquamque
853 1956 971 2015 Naturae
992 1965 1107 2031 partem
1130 1978 1203 2016 cum
1226 1980 1278 2018 suo

197 2041 259 2095 toto
291 2035 454 2105 convenire,
486 2042 601 2095 etcum
622 2037 740 2112 reliquis
761 2039 915 2096 cohaerere.
938 2036 1011 2094 Nam
1025 2039 1056 2109 f)
1080 2056 1278 2112 cognoscere,

198 2118 339 2194 quomodo
370 2136 473 2175 revera
504 2118 678 2187 cohaereant,
704 2123 733 2175 et
753 2136 934 2193 unaquaeque
954 2136 1022 2191 pars
1043 2136 1110 2174 oum
1133 2138 1191 2176 suo
1215 2125 1278 2178 toto

198 2197 352 2256 conveniat
364 2203 402 2273 p),
428 2197 456 2254 id
479 2217 523 2276 me
544 2198 679 2271 ignorare
701 2197 760 2254 dixi
780 2198 810 2255 in
832 2196 1013 2255 antecedenti
1034 2216 1099 2254 mea
1121 2199 1277 2272 Epistola3

198 2279 265 2353 quia
296 2279 332 2336 ad
363 2279 418 2335 hoc
450 2278 679 2352 cognoscendum
702 2280 731 2347 h)
763 2278 967 2354 requireretur,
1000 2282 1091 2334 totam
1125 2278 1278 2338 Naturam

198 2378 352 2433 omnesque
383 2359 444 2432 ejus
475 2363 573 2434 partes
605 2377 786 2432 cognoscere.
819 2359 951 2416 (donabor
965 2358 985 2431 i)
1011 2357 1103 2432 igitur
1125 2359 1277 2419 rationem

197 2440 357 2510 ostendere,
380 2458 443 2512 quae
457 2459 502 2496 me
523 2439 551 2496 id
566 2441 595 2511 le)
618 2440 761 2497 affirmare
776 2438 870 2512 cogit;
883 2443 1012 2495 attamen
1023 2441 1043 2508 t)
1055 2437 1139 2512 prius
1150 2459 1277 2499 monere

198 2518 292 2587 velim,
324 2538 369 2576 me
400 2519 519 2577 Naturae
542 2539 599 2576 non
621 2519 747 2576 tribuere
767 2518 1018 2594 pulchritudinem,
1041 2518 1276 2591 deformitatem,

197 2599 334 2666 ordinem,
366 2618 460 2673 neque
490 2600 694 2657 confusionem.
717 2599 790 2656 Nam
812 2619 858 2656 res
880 2618 946 2667 nou,
969 2598 1023 2655 nisi
1045 2599 1216 2672 respective
1239 2602 1276 2659 ad

197 2683 325 2735 nostram
356 2677 599 2752 imaginationem,
632 2683 754 2754 possunt
785 2679 840 2737 dici
870 2679 998 2753 pulchrae
1032 2683 1083 2735 eut
1115 2679 1276 2752 deformeS,

198 2758 335 2816 ordinatae
358 2763 408 2815 aut
430 2760 565 2817 confusae.

238 2840 293 2896 Per
324 2838 448 2913 partium
480 2839 570 2914 igitur
601 2839 804 2898 cohaerentiam
826 2839 896 2897 nihil
918 2838 994 2896 aliud
1015 2838 1159 2913 intelligo,
1184 2861 1276 2916 quam

197 2920 273 2994 quod
304 2920 383 2994 leges
414 2919 475 2978 sive
502 2926 607 2978 natura
631 2920 716 2978 unius
736 2919 828 2995 partis
848 2919 889 2977 ita
910 2922 1026 2992 sesam)
1048 2923 1277 2979 accommodant

197 2999 310 3074 legibus
331 3000 392 3058 eive
407 3004 437 3072 n)
450 3007 560 3059 naturae
572 3001 698 3070 alterius,
711 3006 839 3075 utquam
851 3000 966 3057 minime
977 2999 1031 3056 sibi
1044 2999 1275 3060 contrariantur.

198 3079 281 3138 Circa
302 3086 392 3139 totum
416 3087 445 3138 et
466 3086 563 3156 partes
578 3080 726 3138 considero
741 3087 766 3150 o)
782 3100 829 3137 res
844 3085 972 3150 eatenuS,
987 3084 1020 3137 ut
1034 3083 1133 3154 partes
1147 3080 1278 3157 alicujus

199 3161 287 3218 totius
298 3169 343 3236 p),
366 3166 509 3236 quatenus
530 3181 626 3219 earum
649 3167 754 3218 natura
774 3160 897 3217 invicem
913 3167 939 3235 q)
963 3180 992 3217 se
1014 3161 1225 3229 accommodat,
1243 3169 1278 3221 ut

196 3242 234 3314 r),
268 3243 362 3316 quoad
393 3241 455 3299 fieri
485 3246 591 3316 potest,
618 3241 694 3298 inter
721 3261 751 3299 se
772 3240 963 3311 consentiant,
986 3244 1128 3315 quatenus
1150 3260 1224 3298 vero
1247 3247 1275 3317 a)

228 3456 252 3512 a)
270 3457 462 3514 hutographon,
480 3455 548 3513 quod
565 3455 700 3499 societatis
717 3454 799 3511 Regiae
815 3452 987 3497 Londinensis
1005 3455 1058 3498 est:
1076 3453 1240 3499 clarissimus

226 3517 249 3563 ot
267 3520 400 3562 marimum
417 3520 439 3562 h.
455 3519 573 3574 prolium.
701 3516 721 3572 a)
739 3521 858 3574 quantum
875 3520 995 3572 precntum
1008 3528 1118 3573 porcum.

227 3581 251 3624 dr
271 3581 326 3624 add.
344 3594 392 3637 epo.
460 3583 479 3635 e)
497 3582 626 3634 rationem,
644 3592 689 3623 rur
705 3579 773 3623 nobis
786 3578 976 3636 persuadentur.
1033 3578 1059 3634 f)
1077 3577 1134 3622 add.
1152 3577 1276 3628 obsolute.

224 3646 250 3699 pt
268 3644 411 3699 cohereant,
429 3643 455 3687 id
471 3657 513 3687 one.
601 3642 626 3699 h)
644 3643 704 3699 quio
721 3641 754 3685 od
771 3641 924 3698 hooreqoir.
1005 3641 1023 3695 i)
1041 3641 1161 3684 rationem
1181 3641 1277 3700 ipitur,

195 3719 247 3763 quta
260 3742 263 3750 .
276 3739 320 3761 ...,
338 3719 411 3763 quom
424 3707 516 3762 porreta
527 3710 620 3762 potero,
637 3705 761 3762 explicare
777 3702 888 3748 conabor.
994 3703 1019 3756 io)
1037 3703 1085 3747 hoo.
1184 3703 1202 3757 l)
1220 3707 1276 3752 sed.

226 3769 258 3825 m)
276 3781 308 3812 ae.
357 3769 382 3820 o]
401 3769 482 3813 omitt.
501 3767 665 3824 tepituaaioe.
713 3767 735 3819 ot
754 3766 811 3811 add.
829 3765 901 3824 quod.
944 3767 973 3822 p)
992 3765 1048 3810 add.
1065 3764 1274 3815 considerantur.

225 3831 248 3890 q)
265 3836 360 3875 notiora
376 3831 452 3874 unirer
467 3835 566 3874 notorio
583 3827 688 3874 alterins
706 3830 749 3873 ito.
796 3827 820 3886 r)
839 3833 865 3872 ut
882 3841 970 3872 orrtnea.
1015 3828 1036 3884 a)
1054 3841 1113 3871 nom
1129 3832 1276 3884 otrannus.
