2662 4298
364 363 689 404 rusonocrco-rommcr.
712 364 777 406 cnr.
798 364 849 402 xx.
1083 347 1140 404 173

61 535 100 588 ut
122 529 227 587 cedant
247 528 363 601 volunt3
386 549 451 604 quae
473 528 568 588 omnia
592 549 675 587 nemo
696 529 832 604 ignorare
851 533 948 604 potest
962 528 1142 604 Reipublicae

63 609 156 668 saluti
188 608 303 667 omnino
334 629 506 684 repugnare.
540 609 724 685 Quapropter
750 609 806 683 hic,
820 614 858 667 'ut
878 629 966 684 supra
988 609 1060 685 (lap.
1086 611 1142 682 18„

64 689 274 761 concludimus,
297 688 369 746 nihil
390 689 566 765 Reipublicae
593 689 693 760 tutius,
717 709 804 765 quam
825 693 858 748 ut
878 689 976 748 Pietas
988 694 1017 748 et
1030 689 1143 766 Religio

63 771 99 828 in
130 769 191 828 solo
221 769 379 828 Charitatis
409 774 438 828 et
460 769 619 845 AEquitatis
649 769 789 828 exercitio
817 770 1092 845 comprehendatur,
1114 775 1144 829 et

61 851 115 927 jus
147 869 323 908 summarum
355 854 541 925 potestatum,
574 855 634 908 tam
669 850 745 908 circa
776 869 860 908 sacra
891 869 978 925 quam
1009 851 1141 926 profana,

64 932 106 989 ad
138 929 267 988 actiones
297 933 412 988 tantum
442 932 594 1002 referatur,
628 934 764 989 caeterum
796 929 951 1006 unicuique
977 934 1007 988 et
1033 930 1143 990 sentire

64 1030 135 1086 quaa
158 1009 237 1081 velit,
260 1014 290 1067 et
312 1028 376 1085 quae
398 1010 507 1069 sentiat
527 1010 632 1083 dicere,
654 1011 839 1069 concedatur.

107 1089 173 1160 His,
216 1109 280 1164 quaa
321 1090 353 1147 in
397 1091 452 1149 hoc
486 1094 616 1151 tractatu
647 1110 735 1165 agere
768 1090 986 1161 constitueram,
1019 1090 1140 1150 absolvi.

62 1171 207 1246 Superest
234 1174 359 1246 tantum,
388 1189 525 1246 expresse
556 1191 682 1241 monere,
715 1191 761 1230 me
782 1170 855 1228 nihil
876 1170 908 1228 in
927 1190 960 1229 eo
984 1170 1141 1246 scripsisse,

62 1251 144 1326 quod
166 1270 225 1308 non
244 1250 432 1310 libentissime
452 1250 581 1309 examini
602 1255 631 1309 et
650 1250 758 1327 judicio
770 1270 945 1309 summarum
957 1250 1142 1309 Potestatum

60 1329 178 1390 Patriae
209 1350 280 1389 mcae
309 1331 467 1406 subjiciam.
489 1331 563 1390 Nam
586 1331 611 1389 si
634 1330 702 1407 quid
723 1332 835 1401 horum,
859 1351 924 1407 quaa
947 1329 1017 1400 dixi,
1040 1330 1142 1406 patriis

60 1411 183 1486 legibus
202 1430 374 1487 repugnare,
398 1412 444 1470 vel
465 1411 611 1470 communi
631 1411 720 1469 saluti
743 1414 844 1470 obesse
852 1410 1033 1487 judicabunt,
1045 1410 1074 1468 id
1085 1430 1139 1485 ego

60 1491 208 1550 indictum
239 1493 318 1549 volo:
350 1490 409 1550 scio
440 1512 486 1550 me
508 1491 653 1550 hominem
675 1511 746 1564 essa,
769 1495 799 1550 et
819 1511 916 1550 errare
935 1490 1081 1567 potuisse;
1103 1510 1140 1549 na

61 1576 167 1631 autem
188 1591 315 1630 errarem
336 1572 434 1630 sedulo
456 1572 566 1643 curavi,
588 1576 619 1631 et
639 1571 776 1648 apprime,
796 1577 829 1630 ut
840 1571 975 1647 quicquid
985 1571 1141 1630 scriberem

59 1651 183 1728 legibus
212 1651 325 1727 patriae,
347 1651 459 1727 pietati,
481 1651 623 1727 bonisque
646 1653 774 1711 moribus
797 1651 913 1710 omnino
942 1652 1140 1728 responderat.
