2662 4298
566 365 705 404 nrrsronu
726 366 791 406 viu.
1156 352 1216 410 221

145 530 278 602 didimus,
319 530 404 590 alicui
443 532 597 592 convenire
630 536 787 600 asseratur,
819 532 876 591 nisi
906 533 987 609 prius
1018 535 1214 596 definitionem

142 610 279 668 traditam
311 611 401 669 eidem
424 613 579 672 convenire
600 613 822 674 demonstretur.
844 613 905 672 Nos
924 614 1022 689 potius
1042 616 1163 691 pedibus
1183 618 1215 675 in

142 691 316 749 sententiam
349 692 456 752 Borelli
487 693 607 765 iremus3
640 693 699 751 utri
730 693 880 766 Dominus,
915 714 953 752 an
985 696 1080 754 neutri
1109 698 1212 755 horum

141 772 302 839 concinnet,
331 792 389 830 non
418 775 491 831 bene
519 773 632 833 scimus.
660 773 765 848 Igitur,
794 793 859 832 cum
883 775 958 832 tales
978 776 1013 833 de
1035 777 1213 836 definitionis

141 858 255 922 natura,
285 872 349 927 quae
378 853 454 911 inter
474 853 616 930 principia
637 854 891 912 demonstrationis
911 861 1082 915 numeratur
1103 857 1214 933 discep

83 950 88 959 ·
142 930 268 989 tationes
295 932 385 991 variae
414 939 576 1006 moventur,
605 938 635 992 et
662 934 687 992 si
707 933 822 993 animus
843 954 901 992 non
922 935 1087 995 vindicatus
1108 943 1152 995 est
1173 941 1210 997 ab

140 1012 203 1086 ejus
229 1012 456 1085 difficultatibus,
485 1015 571 1072 etiam
600 1033 659 1072 non
686 1015 721 1072 de
745 1013 789 1086 iis,
812 1034 877 1090 quae
899 1016 934 1073 de
955 1035 990 1074 ca
1011 1017 1211 1091 deducuntur;

139 1111 277 1166 magnum
305 1093 388 1152 nobis
416 1098 492 1151 esset
519 1093 700 1166 desiderium,
729 1099 762 1153 ut
790 1094 946 1153 dominatio
968 1101 1067 1154 vestra
1090 1098 1127 1155 ad
1148 1118 1210 1166 nos,

139 1173 261 1230 multum
289 1173 373 1231 nimis
400 1175 549 1249 negotium
576 1174 630 1233 tibi
658 1174 682 1232 si
704 1194 762 1232 non
784 1175 969 1246 lacessamus,
991 1195 1099 1251 perque
1120 1178 1211 1236 otium

139 1258 222 1310 tuum
251 1253 345 1323 liceat,
377 1254 525 1324 scriberet,
554 1254 622 1329 quid
644 1254 708 1330 ipsa
729 1255 764 1312 de
786 1274 820 1312 ea
841 1274 873 1313 re
894 1255 1010 1327 sentiat,
1034 1257 1119 1315 ctiam
1143 1278 1208 1334 quae

139 1338 184 1390 est
207 1333 353 1391 distinctio
374 1334 451 1392 inter
472 1334 620 1393 axiomata
641 1340 671 1393 et
694 1334 883 1394 definitiones.
907 1336 1040 1394 Borcllus
1060 1357 1130 1395 vero
1145 1339 1212 1396 nul-

137 1413 195 1470 lam
226 1433 326 1471 veram
355 1414 492 1485 admittit,
520 1415 576 1473 nisi
603 1416 697 1490 quoad
727 1434 841 1487 nomen,
869 1416 919 1474 sed
944 1419 974 1474 te
995 1416 1080 1475 aliam
1101 1437 1212 1492 ponere

138 1493 232 1550 credo.

178 1574 269 1631 Porro
298 1573 434 1632 Definitio
466 1576 523 1632 3ῐία
553 1575 636 1634 nobis
663 1595 722 1634 non
744 1575 815 1634 satis
837 1580 971 1648 constat;
992 1576 1022 1634 in
1045 1579 1209 1654 exemplum

136 1653 220 1711 attuli
251 1655 326 1728 quod
355 1654 496 1713 Dominus
524 1655 594 1713 mihi
623 1655 697 1714 dixit
725 1655 941 1730 Hagaecomitis,
971 1656 1030 1715 scil.
1053 1659 1128 1732 quod
1150 1659 1211 1717 Res

137 1733 249 1791 duobus
269 1734 361 1792 modis
382 1740 479 1810 potest
499 1735 692 1803 considerari,
706 1737 754 1794 vel
774 1741 861 1812 prout
881 1736 911 1794 iu
932 1756 963 1794 se
984 1742 1038 1808 est,
1061 1739 1107 1796 vel
1121 1744 1211 1813 prout

136 1818 298 1888 respectum
332 1816 420 1873 babet
451 1816 487 1873 ad
519 1815 605 1887 aliud,
638 1816 682 1874 uti
712 1816 897 1887 Intellectus;
930 1818 977 1875 vel
1007 1817 1082 1876 euim
1110 1823 1209 1894 potest

136 1893 313 1952 considerari
334 1897 387 1953 sub
408 1895 594 1970 cogitatione,
616 1897 663 1954 vel
684 1900 717 1955 ut
735 1901 872 1954 constans
885 1896 966 1956 ideis.
990 1897 1055 1967 Sed,
1071 1918 1206 1974 quaenam

135 1974 182 2031 hic
204 1979 281 2032 esset
302 1974 457 2047 distinctio,
476 1995 539 2041 ¹uon
559 1979 632 2034 bene
653 1975 799 2048 videmu83
821 1996 888 2034 nam
907 1977 1114 2048 existimamus
1130 1980 1205 2053 quod

135 2074 197 2125 noa,
220 2054 244 2112 si
266 2055 471 2129 cogitationem
493 2061 571 2115 recte
593 2056 796 2131 concipiamus,
815 2060 949 2131 oporteat
962 2059 1208 2132 comprehendere

134 2137 187 2192 sub
216 2135 296 2205 ideis,
325 2135 392 2209 quia
420 2135 539 2210 remotis
567 2139 604 2195 ab
625 2156 659 2194 ea
680 2136 813 2194 omuibus
833 2136 905 2195 ideis
926 2137 1132 2211 cogitationem
1154 2140 1204 2196 dc·

134 2220 321 2273 strueremus.
345 2216 409 2285 Qua
430 2216 465 2274 de
486 2235 526 2286 re,
548 2236 613 2274 cum
634 2217 796 2291 exemplum
819 2216 902 2274 nobis
922 2217 994 2274 satis
1015 2218 1122 2276 clarum
1145 2239 1204 2277 non

134 2300 187 2365 est,
218 2301 315 2353 manet
344 2297 438 2354 adbuc
464 2315 511 2354 res
537 2295 601 2373 ipsa
626 2296 721 2372 aliquo
749 2297 833 2355 modo
863 2299 994 2367 obscura,
1016 2302 1046 2355 et
1065 2298 1205 2357 ulteriore

133 2375 325 2449 explicatione
346 2375 517 2451 indigemus
883 2397 889 2409 ·

172 2448 343 2527 Novissime,
373 2456 403 2514 in
431 2455 539 2515 scholio
569 2457 624 2514 3tio
653 2477 734 2533 prop.
764 2458 823 2516 8.*
845 2459 968 2516 babetur
989 2460 1026 2516 ab
1046 2457 1138 2530 initio,
1160 2459 1203 2517 sic

133 2535 193 2593 scil.
227 2538 270 2594 Ea
301 2538 345 2595 bis
376 2545 508 2612 apparet,
531 2539 607 2612 qaod
628 2541 759 2614 palumbis
779 2540 837 2596 diro
858 2539 1135 2597 attributureallter
1155 2542 1202 2598 di·

131 2618 236 2673 stinctu
258 2620 461 2692 coricipiuutur
482 2619 544 2691 (boc
565 2625 603 2676 eat
624 2638 715 2676 arrium
735 2621 796 2676 elue
817 2620 936 2677 alterius
950 2620 1022 2694 ope),
1037 2638 1125 2695 neque
1138 2622 1202 2678 idco

132 2698 196 2770 ipsa
217 2698 275 2754 deco
297 2700 373 2755 cutio
393 2700 450 2756 adue
469 2699 546 2756 duos
567 2701 695 2756 diversos
714 2699 890 2757 acatalectico
910 2702 1103 2776 constituunt;
1122 2704 1202 2758 ratio

130 2784 169 2833 est
201 2780 271 2851 quia
303 2780 337 2835 dc
367 2786 477 2836 notaria
508 2779 674 2837 substantioe
705 2786 752 2849 est,
785 2787 817 2837 at
846 2783 943 2837 omnic
964 2781 1027 2855 qaas
1048 2781 1200 2856 attributa,

133 2860 363 2933 rrueuaquodqne,
385 2861 515 2934 inquom,
535 2878 590 2933 per
609 2878 637 2917 ac
658 2861 849 2933 concipiatur,
873 2861 1202 2935 quondoquidemoimul

130 2939 162 2992 irc
189 2939 253 3011 ipso
280 2941 410 3010 suerunt.
444 2938 490 2996 Sic
518 2938 658 2996 Dominus
685 2938 801 2996 videtur
828 2958 998 3014 supponere,
1028 2940 1200 2999 substantias

130 3021 264 3075 naturam
285 3017 328 3075 ita
349 3037 412 3075 esse
433 3018 630 3090 coust‘tutam,
652 3023 686 3076 ut
706 3019 790 3094 plura
810 3019 903 3094 possit
918 3019 1025 3077 habere
1039 3020 1200 3092 attributa;

130 3097 206 3169 quod
227 3098 354 3156 nondum
377 3099 597 3167 demonstravit,
618 3097 674 3155 nisi
696 3098 826 3174 quintam
847 3098 1043 3157 definitionem
1064 3102 1200 3157 substan-

129 3176 179 3234 tiae
212 3179 343 3236 absolute
375 3178 506 3248 infinitae,
540 3179 602 3237 sive
632 3178 695 3248 Dei,
727 3178 901 3254 respicerct;
933 3179 1013 3248 alias,
1044 3179 1067 3237 si
1096 3180 1200 3250 dicam,

130 3277 362 3333 unamquamque
383 3258 576 3318 substantiam
598 3263 711 3317 tantum
733 3261 841 3317 habere
862 3279 951 3317 unum
973 3259 1153 3331 attributum,
1170 3264 1202 3318 et

128 3336 197 3394 mihi
219 3343 296 3396 esset
315 3339 381 3397 idea
402 3340 523 3397 duorum
544 3339 760 3410 attributorum,
783 3343 861 3396 recte
883 3339 1052 3398 concludere
1073 3357 1197 3414 possem,

128 3418 202 3491 quod
225 3418 274 3476 ubi
296 3419 351 3476 duo
366 3419 482 3478 diversa
497 3419 647 3490 attributa,
662 3418 702 3478 ibi
716 3420 782 3477 duae
797 3419 921 3478 diversae
937 3419 995 3477 siut
1009 3420 1198 3492 substautiae;

127 3496 156 3554 in
179 3499 254 3572 quod
276 3499 362 3557 etiarn
384 3499 533 3558 clariorem
554 3499 777 3575 explicationem
799 3503 828 3557 te
850 3518 995 3574 rogamus

158 3712 168 3730 ⁴
200 3713 247 3758 Ed.
272 3715 326 3760 Pru:
351 3715 379 3760 in
404 3715 483 3762 schol.
508 3716 583 3774 Prop.
608 3714 645 3761 lo.
671 3714 710 3760 lib.
736 3715 771 3766 l.;
788 3713 885 3760 Ethicae
903 3713 1009 3772 scilicet,
1026 3715 1099 3774 cujus
1114 3715 1199 3774 prima

126 3775 204 3820 verba
230 3780 259 3822 ut
284 3790 352 3823 nunc
371 3777 492 3836 leguntur
508 3777 553 3822 illa
569 3777 670 3837 repetit,
687 3777 737 3822 nisi
754 3776 824 3834 quod
840 3789 870 3822 ex
889 3776 980 3822 calami
998 3778 1127 3823 erroribus
1144 3779 1199 3824 cine

127 3838 232 3884 alterius
249 3853 292 3897 ope
309 3842 338 3910 et!
351 3840 377 3885 in
394 3841 444 3886 loci
461 3840 511 3886 fine
528 3841 604 3886 simul
619 3841 646 3885 in
662 3841 718 3899 ipsa
734 3840 838 3897 suerunt
855 3839 938 3884 offert.
