2662 4298
123 337 182 396 382
535 354 673 392 nprsrona
692 353 779 392 nvm.

128 524 264 594 studium,
286 543 342 599 quo
363 521 479 592 teneris,
501 541 546 580 1116
567 522 653 596 cogit,
676 526 709 579 ut
728 526 783 581 tuo
807 524 970 584 desiderio
982 546 1038 601 pro
1050 527 1189 602 meiingeni

129 604 270 662 tenuitate
292 603 475 662 satisfaciam.
497 602 611 660 Etenim
633 602 701 678 quid
722 606 795 660 tuus
818 604 945 663 amicus
968 607 1190 684 velit,'antequan

129 683 338 759 experientiam
366 688 514 758 provocat,
536 688 565 740 et
585 687 749 740 accuratam
773 685 1096 763 attentionempetit,
1115 688 1190 746 nescio.

130 765 212 834 Quod
234 763 336 821 deinde
357 762 446 834 addit,
469 765 501 822 Si
532 764 647 838 quondo
667 766 742 820 inter
762 765 842 822 duos
864 767 952 824 alter
975 770 1012 826 de
1034 789 1067 826 re
1086 772 1191 844 quapiua

131 846 202 919 quid
232 848 362 918 affirmet,
394 845 466 900 aller
496 851 590 901 actem
613 851 706 917 erepet,
725 851 786 914 cta,
811 864 927 903 verum
952 853 1010 920 est,
1035 849 1060 906 si
1080 848 1191 923 intelligit

129 923 194 981 illos
225 925 306 993 duos,
339 923 470 997 quamvis
493 922 593 981 iisdem
615 927 735 980 utantur
755 926 931 997 vocabulis
958 929 997 986 de
1019 931 1107 988 rebus
1124 934 1193 987 tama

130 1003 253 1062 diversis
284 1003 430 1078 cogitare;
456 1003 538 1079 cujus
559 1003 601 1060 rei
621 1004 755 1077 exempla
776 1004 901 1080 aliquot
925 1008 1028 1067 amico
1050 1011 1080 1069 J.
1101 1009 1193 1068 1111111

131 1083 204 1153 misi,
228 1084 273 1142 cui
292 1085 350 1157 jam
373 1083 475 1153 scribo,
498 1088 530 1141 ut
549 1083 603 1141 tibi
623 1083 722 1141 eadem
743 1086 965 1147 communicet.

171 1165 301 1222 Transeo
321 1163 411 1238 igitur
431 1165 466 1221 ad
487 1163 566 1221 illam
587 1162 744 1221 Libertatis
764 1164 994 1242 definitionem,
1019 1191 1109 1246 quam
1129 1189 1195 1228 mean

130 1264 194 1302 esse
215 1245 275 1315 ait;
297 1244 346 1301 sed
368 1244 464 1302 nescio
485 1244 561 1301 unde
581 1243 659 1301 illam
680 1244 849 1318 sumpserit.
862 1247 936 1322 Ego
949 1269 1021 1308 eam
1032 1271 1096 1309 16111
1106 1251 1196 1310 liberam

131 1345 194 1383 esse
215 1325 288 1395 dico,
311 1344 376 1399 quae
398 1344 434 1381 ex
456 1324 517 1381 sola
537 1344 598 1382 suae
619 1328 732 1382 naturae
754 1326 945 1386 necessitate
970 1331 1080 1390 existit
1100 1337 1127 1390 et
1145 1331 1196 1406 agit

130 1405 266 1464 Coactam
298 1409 403 1475 autem,
437 1425 500 1479 quae
533 1406 570 1462 ab
599 1404 655 1461 alio
676 1404 894 1464 determinatur
918 1409 962 1466 ad
986 1411 1198 1470 existendumet

129 1487 307 1561 operandum
329 1490 408 1542 certa
429 1504 463 1542 ac
483 1484 674 1542 determinata
694 1483 816 1542 ratione.
839 1487 899 1545 Ex.
927 1509 978 1563 gr.
1003 1492 1098 1564 Deus,
1109 1490 1198 1550 1611616Ι

130 1565 301 1635 necessari0,
332 1565 422 1622 libere
452 1570 550 1624 tamen
581 1563 688 1634 existit,
723 1564 792 1639 quia
827 1586 869 1624 ex
905 1571 979 1628 sola
1013 1592 1079 1631 suae
1110 1577 1199 1642 nature

130 1645 304 1702 necessitate
325 1644 433 1703 existit.
458 1644 504 1702 Sic
525 1644 611 1702 etiam
633 1645 710 1702 Deus
731 1664 771 1714 se,
794 1650 825 1702 et
847 1649 999 1709 absolute
1014 1653 1123 1723 omnia,
1133 1652 1200 1711 libera

130 1724 275 1798 intelligit,
309 1724 377 1798 quia
406 1745 444 1782 ex
475 1725 536 1783 sola
562 1724 653 1800 ipsius
673 1729 787 1782 naturae
808 1729 1004 1790 necessitate
1026 1733 1201 1809 sequitur,ul

130 1803 227 1862 omnia
247 1804 400 1879 intelligat.
413 1805 502 1862 Vides
512 1804 611 1879 igitur,
626 1824 670 1862 me
681 1804 848 1863 libertatem
861 1827 926 1866 non
938 1810 974 1868 in
986 1813 1087 1871 libero
1098 1815 1200 1880 decreto,

130 1885 181 1942 sed
202 1884 231 1942 111
252 1884 343 1942 libera
364 1884 536 1943 necessitate
557 1905 663 1960 ponere

172 1965 227 2022 Sed
249 1965 285 2022 ad
306 1985 353 2022 res
373 1971 486 2023 creatas
508 1966 723 2034 descendamus,
746 1984 809 2039 quae
824 1985 932 2026 omnes
944 1973 1202 2032 aoausisextemis

129 2045 360 2104 determinantur
381 2046 417 2103 ad
438 2045 619 2103 existendum
641 2049 670 2104 et
680 2044 859 2120 operandum
871 2054 961 2108 certa
974 2072 1013 2110 ac
1025 2054 1203 2113 determinata

131 2125 251 2185 ratione.
285 2126 365 2194 Quod
398 2129 430 2183 ut
455 2127 531 2183 clare
551 2125 740 2200 intelligatur,
763 2145 825 2183 rem
845 2127 1109 2203 simplicissimam
1130 2133 1203 2193 conci·

131 2207 251 2281 piamus.
274 2207 328 2264 Ex.
352 2227 395 2280 gr.
417 2205 505 2279 Lapis
526 2226 641 2264 acausa
653 2211 782 2277 externa,
796 2205 893 2281 ipsum
904 2209 1099 2286 impellente,
1113 2221 1203 2274 certam

132 2292 227 2344 motas
248 2286 439 2362 quantitatem
461 2286 573 2360 accipit,
596 2306 652 2361 qua
672 2291 782 2361 postea,
803 2293 941 2357 cessante
967 2313 1075 2352 causae
1091 2301 1203 2354 externa

130 2368 265 2443 impulsu,
288 2367 397 2425 moveri
417 2366 579 2424 necessario
600 2372 710 2441 perget.
733 2367 805 2424 Haec
825 2367 919 2440 igitur
940 2371 1058 2446 lapidis
1085 2377 1116 2433 in
1140 2381 1205 2433 motu

131 2449 332 2523 permanentia
353 2454 454 2505 coacta
475 2452 527 2516 est,
550 2467 608 2504 non
629 2447 696 2521 quia
718 2447 889 2516 necessaria,
915 2452 969 2508 sed
997 2455 1072 2527 quia
1096 2457 1206 2531 impulsu

131 2549 226 2586 causae
260 2534 388 2586 externae
421 2527 533 2585 definiri
564 2528 664 2597 debet;
697 2532 726 2584 et
757 2528 831 2600 quod
862 2527 911 2585 hic
933 2530 974 2588 de
998 2534 1113 2609 lapide,
1135 2536 1162 2593 id
1180 2536 1206 2592 de

132 2628 303 2681 quacunque
324 2628 357 2664 re
378 2608 527 2680 singulari,
550 2607 735 2682 quantumvis
755 2607 805 2664 illa
818 2609 984 2682 composita
997 2619 1031 2671 61
1043 2617 1082 2673 ad
1096 2617 1207 2692 plurima

131 2692 201 2760 apta
223 2706 286 2744 esse
307 2686 495 2760 concipiatur,
510 2688 728 2762 intelligendum
743 2692 796 2756 est,
809 2688 883 2761 quod
896 2689 1017 2750 scilicet
1029 2714 1207 2772 unaquaeque

131 2786 178 2823 res
199 2766 359 2823 necessario
382 2786 497 2824 acausa
508 2773 630 2826 externa
641 2769 737 2844 aliqua
749 2767 959 2826 determinatur
973 2775 1015 2830 ad
1029 2776 1206 2835 existendum

129 2850 161 2904 et
182 2847 358 2921 operandum
380 2852 460 2905 certa
481 2868 515 2905 ac
536 2848 727 2906 determinata
747 2847 869 2906 ratione.

172 2928 272 2996 Porr0,
306 2927 422 3002 concipe
451 2928 520 3003 jam,
549 2928 573 2985 si
593 2930 697 3003 placet,
719 2929 850 3003 lapidem,
873 2929 943 2986 dum
963 2937 1087 2993 moveri
1110 2937 1206 3012 pergit,

131 3007 260 3081 cogitare
283 3012 312 3064 et
333 3007 415 3077 scire,
438 3028 469 3065 se
491 3013 631 3083 quantum
652 3014 749 3083 potest
770 3007 877 3078 conari,
897 3014 933 3067 ut
954 3016 1076 3073 moveri
1099 3023 1207 3093 pergat.

130 3087 187 3144 Hic
218 3107 288 3145 sane
318 3088 400 3163 lapis,
433 3089 664 3164 qnandoquidem
698 3089 742 3147 sui
771 3091 972 3148 tantummodo
1008 3102 1141 3155 conatus
1170 3101 1207 3155 est

131 3167 272 3238 conscius
295 3174 324 3225 et
345 3168 461 3227 minime
481 3169 656 3238 indifferens,
679 3190 710 3228 se
730 3168 906 3227 liberrimum
928 3190 1002 3246 esse,
1018 3180 1051 3232 et
1062 3179 1147 3235 nulla
1157 3178 1207 3236 alia

133 3249 167 3305 do
203 3269 289 3306 causa
310 3248 340 3305 in
361 3254 441 3306 motu
462 3269 656 3324 perseverare,
679 3250 784 3317 credet,
807 3270 894 3323 quam
917 3250 986 3324 quia
1010 3256 1088 3313 vult.
1114 3260 1207 3333 Atque

131 3329 195 3386 haec
227 3330 355 3386 humana
385 3329 434 3387 illa
457 3330 576 3387 libertas
597 3336 649 3403 est,
672 3350 759 3406 quam
780 3348 879 3387 omnes
899 3331 1008 3389 habere
1030 3335 1161 3410 jactant,
1181 3342 1207 3395 et

131 3429 197 3483 quae
228 3409 259 3466 in
290 3411 345 3467 hoc
375 3411 435 3467 solo
467 3410 607 3480 consistit,
640 3412 716 3485 quod
747 3409 877 3468 homines
908 3411 953 3468 sui
974 3416 1132 3487 appetitus
1153 3419 1206 3476 sint

132 3488 248 3560 conscii,
271 3495 300 3547 et
322 3510 481 3563 causarum,
504 3511 521 3547 a
544 3490 648 3566 quibus
669 3491 906 3560 determinantur,
928 3491 1037 3565 ignari.
1051 3496 1101 3554 Sic
1112 3498 1206 3556 infans

133 3589 163 3626 se
184 3570 230 3627 lac
251 3570 339 3628 libere
361 3576 498 3645 appetere
520 3571 619 3642 credit,
642 3591 713 3645 puer
735 3577 830 3629 autem
844 3570 938 3628 iratus
949 3572 1114 3634 vindictam
1125 3579 1204 3650 velle,

132 3655 163 3707 et
194 3649 310 3708 timidus
341 3651 449 3725 fugam.
484 3651 589 3709 Ebrius
620 3652 722 3709 deinde
753 3650 852 3720 credit,
874 3670 905 3708 se
926 3671 964 3709 ex
984 3652 1078 3714 libero
1099 3658 1206 3716 mentis

134 3731 248 3788 decreto
270 3751 304 3788 ea
325 3731 412 3806 loqui,
437 3752 500 3807 quae
521 3737 622 3807 postea
633 3732 745 3790 sobrius
761 3731 884 3790 tacuisse
898 3732 995 3790 vellet.
1007 3733 1056 3791 Sic
1068 3737 1204 3809 delirans

134 3813 277 3885 garrulus,
310 3816 339 3869 et
362 3812 448 3887 hujus
468 3812 570 3870 farinae
591 3812 716 3887 plurimi,
739 3833 769 3871 se
790 3832 825 3870 ex
847 3811 936 3869 libero
956 3814 1065 3872 mentis
1088 3817 1205 3877 decreto
