2662 4298
582 335 721 375 errsrom
741 336 786 389 11..
1159 321 1215 378 197

83 572 93 579 ἦ
141 508 238 562 tecum
269 503 342 561 inire
375 503 505 574 audeam,
538 502 699 578 praesertim
725 504 792 562 dum
812 504 908 579 cogito
929 505 1086 567 amicorum
1108 506 1213 577 omnia,

83 643 101 653 ,
142 583 289 658 praecipue
321 583 491 659 spiritualia,
524 584 628 642 debere
659 602 722 642 esse
753 584 923 655 communia,
957 590 1056 644 tamen
1079 587 1135 645 hoc
1155 590 1213 646 tuae

83 672 101 735 ζ
141 663 317 722 humanitati
354 663 459 739 potine,
498 663 583 721 simul
621 668 650 722 et
685 664 905 736 benevolentiae,
937 684 1023 740 quam
1055 666 1126 725 mihi
1160 669 1214 725 erit

85 758 96 764 “
140 742 335 803 tribuendum.
357 743 528 802 Summitate
549 743 625 802 enim
645 743 721 802 illius
741 749 771 802 te
793 744 961 820 deprimere,
983 751 1013 804 et
1027 746 1109 821 copia
1124 747 1213 823 hujus

139 824 213 882 adeo
245 844 290 882 me
317 825 494 899 locupletare
515 824 641 895 voluisti,
663 829 696 883 ut
716 829 827 883 arctam
847 824 1012 898 amicitiam,
1034 846 1121 902 quam
1142 827 1213 885 mihi

138 909 309 963 constanter
339 904 490 980 polliceris
523 909 552 962 et
582 925 601 963 a
628 925 673 963 me
694 904 870 980 reciprocam
892 905 1030 980 dignatus
1051 926 1082 965 es
1102 913 1210 982 petere.

137 984 213 1042 inire
234 1005 291 1043 non
313 1004 424 1055 verear,
447 1004 539 1060 eaque
560 989 593 1043 ut
613 985 712 1043 sedulo
734 985 854 1056 colatur,
876 985 961 1044 enixe
976 985 1031 1044 sim
1046 992 1210 1046 curaturus

138 1065 254 1140 Ingenii
274 1065 330 1123 mei
351 1065 433 1123 dotes
455 1065 530 1140 quod
551 1064 667 1135 attinet,
689 1064 714 1123 si
735 1085 807 1140 quas
827 1065 1012 1140 possiderem,
1035 1087 1085 1125 eas
1105 1072 1135 1126 te
1157 1068 1212 1126 tibi

136 1144 315 1203 vindicare*
336 1145 523 1203 libentissime
545 1145 677 1218 sinerem,
700 1165 864 1221 quanquam
885 1145 996 1219 scirem,
1019 1147 1048 1205 id
1069 1167 1127 1205 non
1150 1148 1211 1206 sine

137 1245 200 1283 mec
222 1245 330 1299 magno
352 1225 525 1283 detrimento
546 1226 684 1284 futurum.
707 1226 772 1296 Sed,
795 1245 831 1284 nc
853 1225 954 1284 videar
974 1227 1029 1285 hoc
1050 1228 1135 1303 modo
1146 1228 1209 1298 tibi,

134 1306 213 1380 quod
239 1326 256 1364 a
276 1325 321 1363 me
340 1306 405 1381 jure
427 1305 561 1364 amicitiae
582 1305 668 1380 petis,
690 1305 764 1364 velle
786 1306 940 1381 denegare,
963 1306 1032 1382 quid
1054 1306 1131 1365 circa
1151 1307 1209 1378 illa,

134 1386 173 1443 de
206 1385 308 1461 quibus
335 1386 533 1461 loquebamur,
556 1386 688 1456 sentiam,
711 1388 837 1444 conabor
858 1386 1021 1461 explicare3
1043 1407 1210 1463 quanquam

137 1485 196 1523 non
227 1471 335 1541 putem,
367 1465 423 1524 nisi
442 1471 494 1524 tua
514 1466 681 1541 benignitas
700 1465 826 1537 intersit,
848 1467 904 1524 hoc
923 1466 1049 1526 medium
1070 1468 1209 1539 futurum,

135 1550 170 1604 ut
191 1545 261 1603 mihi
283 1545 392 1604 arctius
414 1546 595 1605 devinciaris.

177 1627 221 1684 De
253 1627 313 1684 Dec
344 1626 443 1702 itaque
474 1626 610 1702 incipiam
631 1626 759 1685 breviter
780 1626 892 1699 dicere3
915 1647 999 1702 quem
1020 1627 1124 1687 definio
1146 1649 1209 1687 esse

136 1705 196 1764 Ens
234 1711 371 1764 constans
408 1707 530 1765 infinitis
562 1706 722 1776 attributio,
755 1727 877 1783 quorum
909 1708 1135 1783 unumquodque
1164 1713 1209 1768 cst

133 1785 291 1857 infinitum,
313 1786 376 1845 sive
397 1807 506 1846 summe
526 1788 697 1863 perfectum,
720 1786 751 1844 in
771 1807 823 1846 suo
842 1807 957 1862 genere.
969 1788 1027 1847 Ubi
1038 1789 1206 1859 notandum,

136 1886 180 1924 mc
209 1886 261 1941 per
282 1867 454 1925 attributum
475 1867 638 1943 intelligere
659 1887 743 1926 omne
762 1867 802 1939 id,
824 1869 900 1943 quod
921 1867 1082 1943 concipitur
1102 1889 1155 1944 per
1175 1889 1207 1928 se

132 1952 164 2004 et
195 1946 225 2004 in
258 1967 297 2016 se,
332 1948 403 2006 adeo
434 1953 468 2006 ut
497 1948 588 2023 ipsius
619 1953 776 2023 conceptus
800 1968 859 2007 non
878 1948 1012 2007 involvat
1034 1954 1206 2025 conceptum

131 2027 254 2085 alterius
275 2027 326 2086 rei.
349 2029 389 2086 Ut
410 2048 456 2086 ex.
479 2048 522 2103 gr.
544 2027 684 2086 Extensic
704 2048 757 2103 per
777 2027 859 2087 se'et
878 2027 911 2086 in
931 2048 962 2088 se
983 2029 1205 2104 concipitur;at

133 2112 228 2165 motus
260 2127 319 2165 non
349 2108 428 2178 item,
461 2128 529 2166 nam
560 2108 720 2183 concipitur
746 2108 777 2165 in
798 2107 863 2177 alio,
885 2113 915 2167 et
935 2108 1026 2184 ipsius
1047 2114 1205 2185 conceptus

132 2186 255 2246 involvit
280 2188 493 2247 Extensionem.
515 2189 633 2257 Verum,
655 2189 732 2263 quod
753 2189 817 2247 haec
837 2187 876 2246 sit
897 2208 967 2247 vera
988 2188 1041 2246 Dei
1063 2189 1202 2258 definitio,

129 2273 247 2326 constat
278 2287 316 2325 ex
343 2269 406 2339 hoc,
429 2270 504 2343 quod
525 2288 577 2344 per
598 2270 690 2326 Deum
711 2268 907 2342 intelligamus
927 2269 987 2327 llus
1008 2289 1118 2328 summe
1139 2289 1202 2344 per-

130 2347 237 2406 fectum
259 2353 289 2406 et
309 2349 440 2407 absolute
460 2348 614 2407 infinitum.
637 2348 718 2419 Quod
740 2353 837 2407 autem
852 2349 911 2407 tale
925 2349 1104 2422 enscxistat,
1117 2349 1202 2408 facile

128 2431 176 2485 est
207 2448 244 2486 ex
275 2429 330 2486 hac
361 2429 527 2488 definitione
558 2429 771 2498 demonstrare;
799 2429 859 2500 sed,
881 2429 949 2504 quia
969 2449 1028 2487 non
1048 2434 1094 2487 est
1114 2431 1201 2505 hujus

130 2507 193 2579 loci,
226 2509 472 2568 demonstratione
502 2509 703 2585 supersedebo.
736 2509 792 2568 Sed
824 2509 899 2584 quod
931 2509 978 2567 hic
1002 2509 1201 2569 demonstrare

128 2589 228 2659 debeo,
260 2593 293 2646 ut
323 2589 424 2663 primae
457 2589 611 2665 quaestioni
642 2590 679 2648 V.
712 2589 787 2648 Olar.
820 2589 1006 2660 satisfaciam,
1039 2595 1107 2648 sunt
1137 2590 1200 2649 haec

126 2668 289 2744 sequentia.
322 2669 428 2740 Primo,
460 2671 535 2745 quod
556 2670 586 2727 in
608 2689 704 2728 rerum
724 2675 831 2729 natura
851 2690 910 2729 non
930 2675 1053 2745 possunt
1073 2669 1200 2729 existere

126 2749 192 2807 duae
224 2749 405 2821 substantiae,
437 2751 507 2825 quin
538 2754 600 2809 tota
632 2750 758 2809 essentia
788 2750 932 2809 differant.
967 2751 1108 2822 Secundo,
1134 2753 1199 2810 sub·

126 2829 266 2886 stantiam
298 2849 356 2888 non
388 2849 472 2905 posse
503 2830 631 2906 produci,
663 2831 713 2889 sed
735 2831 810 2906 quod
833 2830 871 2889 sit
892 2832 927 2889 de
948 2830 1039 2906 ipsius
1064 2831 1197 2900 essentia,

126 2909 262 2967 existere.
295 2910 402 2981 Tertio,
435 2912 511 2986 quod
543 2910 636 2969 omnis
666 2910 830 2970 substantia
862 2911 966 2970 debeat
990 2931 1053 2969 esse
1074 2911 1197 2981 infinita,

126 2989 190 3047 sive
211 3009 320 3048 summe
341 2991 479 3065 perfecta,
501 2991 531 3048 in
553 3011 604 3049 suc
627 3010 746 3065 genere3
769 2990 872 3066 quibus
893 2991 1099 3050 demonstratis
1113 2991 1198 3050 facile

128 3069 235 3143 poterit
255 3069 354 3129 videre
376 3069 437 3130 Vir.
459 3071 545 3142 Clau,
568 3091 624 3147 quo
645 3071 771 3142 tendam,
793 3072 877 3130 modo
899 3071 982 3129 simul
1004 3072 1138 3130 attendat
1160 3073 1196 3130 ad

128 3149 323 3209 definitionem
354 3151 424 3221 Dei;
456 3152 527 3209 adeo
551 3156 585 3209 ut
605 3171 664 3209 non
684 3151 721 3210 sit
743 3170 815 3226 opus
836 3151 965 3226 apertius
986 3152 1021 3210 de
1042 3151 1087 3210 his
1107 3152 1196 3227 loqui.

128 3230 169 3287 Ut
200 3235 295 3289 autem
327 3232 388 3290 hacc
418 3231 495 3290 clare
527 3235 557 3289 et
585 3230 713 3289 breviter
744 3232 979 3302 demonstrarem,
1002 3231 1073 3289 nihil
1094 3231 1197 3290 melius

126 3310 207 3384 potui
237 3310 413 3386 excogitare,
438 3311 494 3370 nisi
514 3316 547 3370 ut
568 3331 602 3369 ea
623 3331 702 3369 more
723 3310 904 3370 Geometricc
925 3313 1048 3386 probata
1069 3311 1196 3369 examini

126 3390 169 3447 tui
190 3390 299 3466 ingenii
320 3391 506 3467 subjicerem3
529 3411 563 3450 ea
580 3397 590 3429 1
614 3391 712 3467 itaque
726 3391 773 3450 hic
784 3391 941 3466 separatim
952 3391 1044 3463 mitto,
1057 3396 1198 3468 tuumque

126 3469 203 3529 circa
222 3471 287 3548 ipsa
305 3471 445 3547 judicium
466 3474 650 3548 exspectabo.

166 3551 245 3610 Petis
266 3573 284 3610 a
305 3571 350 3610 me
372 3553 506 3623 secundo,
529 3572 669 3628 quosnam
691 3572 805 3610 errores
825 3551 855 3609 in
877 3551 1002 3612 Cartesii
1023 3557 1053 3610 et
1074 3552 1200 3611 Baconis

160 3812 167 3838 ¹
184 3748 486 3869 plrdp.E1fflsppp.partem
505 3810 525 3856 1.
544 3810 575 3856 ab
593 3811 667 3856 initio
685 3823 765 3868 usquc
784 3811 815 3855 ad
833 3810 908 3869 Prop.
925 3810 946 3854 4.
