2662 4298
393 343 712 386 rauonoorooromrror
733 344 797 385 car.
819 344 872 384 vn.
1129 327 1168 384 39

95 514 247 591 Scriptura
268 512 463 586 continentur,
486 515 523 572 ab
543 513 607 590 ipsa
628 513 778 589 Scriptura
799 513 860 572 sola
880 511 940 588 peti
963 512 1063 571 debet:
1081 512 1168 572 sicuti

95 594 224 670 cognitio
252 593 372 652 Naturae
395 596 432 651 ab
453 593 518 669 ipsa
537 593 659 653 Natura.
683 594 766 664 Quod
785 593 823 652 ad
845 593 1018 651 documenta
1037 593 1166 668 moralia,

95 695 162 752 quae
185 674 273 733 etiam
292 673 324 732 in
344 672 447 732 Bibliis
464 674 659 746 continentur,
674 673 789 745 attinet,
805 672 860 732 etsi
873 673 936 749 ipsa
951 692 989 731 ex
1001 672 1168 732 notionibus

95 754 295 815 communibus
326 754 520 813 demonstrari
540 759 673 830 possunt,
694 774 754 813 non
774 757 871 830 potest
890 756 989 812 tamen
1009 772 1047 811 ex
1066 752 1167 812 iisdem

95 833 299 904 demonstrari,
331 833 511 909 Scripturam
543 835 643 893 eadem
674 835 787 908 docere,
814 834 865 892 sed
889 834 945 892 hoe
965 853 1003 892 ex
1024 833 1085 892 sola
1104 833 1169 910 ipsa

96 914 247 991 Scriptura
278 917 411 973 constare
442 918 548 990 potest.
580 915 643 973 Imo
674 914 699 973 si
730 914 791 973 sine
821 912 989 990 praejudicio
1010 913 1168 990 Scripturas

94 995 277 1055 divinitatem
298 994 402 1053 testari
422 995 564 1068 volumus,
585 994 669 1054 nobis
683 1014 720 1054 ex
733 995 835 1054 eadem
849 994 910 1052 sola
924 998 1058 1053 constare
1072 994 1167 1064 debet,

93 1075 187 1154 ipsam
218 1094 289 1134 vera
320 1075 494 1133 documenta
513 1075 634 1134 moralia
655 1075 773 1147 docere3
794 1095 832 1133 ex
852 1075 907 1133 hoc
927 1074 1004 1133 enim
1025 1075 1085 1133 solo
1106 1075 1169 1149 ejus

94 1155 233 1232 divinitas
264 1154 458 1213 demonstrari
487 1159 603 1231 potest:
632 1175 699 1213 nam
730 1153 931 1214 certitudinem
956 1155 1169 1229 Prophetarum

94 1255 132 1296 ex
156 1237 213 1295 hoc
232 1234 379 1311 praecipue
400 1239 535 1295 constare
556 1235 742 1309 ostendimus,
765 1235 841 1310 quod
863 1234 1018 1310 Prophetae
1040 1230 1172 1293 animum'

93 1317 130 1375 ad
164 1334 280 1391 aequum
311 1318 342 1373 et
371 1317 478 1374 bonum
508 1314 680 1375 inclinatum
711 1316 867 1373 habebant.
901 1313 997 1384 Quare
1017 1315 1073 1372 hoo
1091 1313 1168 1372 idem

94 1396 182 1456 etiam
214 1395 297 1455 nobis
328 1399 464 1455 constare
496 1396 589 1470 debet,
621 1400 655 1454 ut
683 1396 769 1453 fidem
797 1394 867 1470 ipsis
887 1393 1030 1471 possimus
1050 1394 1167 1453 habere.

93 1477 140 1535 Ex
171 1474 320 1535 miraculis
350 1479 447 1534 autem
478 1475 534 1534 Dei
558 1475 740 1535 divinitatem
760 1495 819 1534 non
840 1494 925 1551 posse
946 1473 1087 1545 convinci,
1106 1474 1168 1550 jam

93 1556 183 1615 etiam
214 1555 491 1629 demonstravimus3
520 1559 554 1614 ut
572 1557 632 1632 jam
652 1560 773 1630 taceam,
796 1555 873 1631 quod
894 1554 982 1613 etiam
1002 1575 1020 1613 a
1041 1555 1169 1613 Pseudo·

92 1636 238 1714 propheta
262 1635 326 1694 fieri
350 1640 495 1711 poterant.
519 1636 615 1706 Quare
637 1635 793 1712 Scripturas
815 1635 952 1694 divinitas
972 1655 1011 1693 ex
1031 1635 1087 1693 hoo
1107 1635 1168 1697 solo

95 1721 231 1776 constare
262 1716 356 1788 debet,
389 1717 464 1791 quod
495 1715 559 1792 ipsa
587 1736 687 1776 veram
707 1715 848 1775 virtutem
869 1717 979 1774 doceat.
1001 1715 1092 1791 Atqui
1112 1716 1168 1774 hoo

94 1816 134 1856 ex
154 1797 217 1856 sola
237 1795 387 1872 Scriptura
408 1801 542 1856 constare
562 1800 668 1872 potest.
690 1796 773 1866 Quod
794 1796 821 1854 si
838 1815 897 1854 non
910 1799 1009 1872 posset
1022 1794 1094 1869 fieri,
1109 1813 1168 1854 non

93 1877 158 1936 sine
178 1895 285 1952 magno
306 1876 474 1952 praejudicio
495 1878 617 1936 eandem
638 1877 885 1952 amplecteremur,
908 1877 993 1934 etde
1014 1876 1076 1952 ejus
1097 1875 1168 1934 divi·

94 1955 188 2016 nitate
215 1960 399 2015 testaremur.
421 1957 496 2016 Tota
516 1956 616 2032 itaque
637 1957 795 2032 Scripturas
816 1955 943 2031 cognitio
965 1955 1085 2031 abipsa
1106 1956 1168 2015 sola

93 2037 156 2114 peti
187 2037 282 2096 debet.
307 2036 439 2112 Denique
461 2036 610 2113 Scriptura
630 2056 737 2108 rerum,
758 2038 794 2095 de
814 2036 918 2112 quibus
938 2036 1075 2113 loquitur,
1097 2036 1168 2106 defi-

94 2116 221 2176 nitiones
241 2136 300 2175 non
321 2117 420 2189 tradit,
442 2121 476 2176 ut
496 2137 550 2176 nec
570 2117 658 2176 etiam
672 2117 793 2176 Natura.
810 2117 914 2188 Quare,
929 2117 1168 2191 quemadmodum

94 2217 134 2256 ex
165 2197 289 2256 diversis
320 2197 442 2256 Naturae
473 2197 634 2257 actionibus
662 2197 844 2255 definitiones
870 2215 966 2255 rerum
992 2196 1168 2254 naturalium

96 2277 302 2337 concludendas
333 2281 410 2349 sunt,
443 2278 543 2336 eodem
566 2279 651 2336 modo
672 2278 719 2335 hae
740 2296 778 2336 ex
798 2276 920 2335 diversis
941 2274 1166 2350 narrationibus,

96 2378 163 2434 quae
196 2358 231 2416 ds
263 2377 438 2434 unaquaque
467 2377 500 2417 re
530 2358 562 2416 in
594 2357 714 2434 Scriptis
735 2360 898 2429 occurrunt,
921 2360 988 2414 sunt
1009 2355 1166 2415 eliciendae.

95 2438 210 2513 Regula
240 2437 331 2512 igitur
363 2438 535 2506 universalis
566 2436 778 2514 interpretandi
808 2436 986 2513 Scripturam
1017 2440 1070 2508 est,
1095 2435 1167 2495 nihil

96 2518 256 2594 Scriptura
288 2522 428 2594 tanquam
457 2519 519 2593 ejus
540 2519 743 2577 documentum
764 2517 900 2589 tribuere,
923 2518 999 2593 quod
1020 2516 1168 2592 exipsius

95 2598 219 2657 historia
229 2618 314 2673 quam
322 2598 447 2656 maxime
455 2605 638 2674 perspectum
647 2618 706 2657 uon
713 2600 879 2657 habeamus.
892 2597 992 2669 Qualis
1000 2602 1096 2656 autem
1104 2598 1168 2672 ojus

95 2678 218 2737 historia
228 2679 333 2737 debeat
343 2698 414 2750 esse,
427 2683 458 2737 et
468 2699 533 2754 quae
541 2678 722 2754 potissimum
729 2698 875 2749 enarrare,
884 2678 932 2737 hic
937 2678 996 2754 jam
1005 2678 1166 2738 dicendum.

135 2758 254 2834 Nempe
275 2759 299 2817 I.
332 2759 481 2818 continere
505 2759 591 2817 debet
611 2764 746 2818 naturam
767 2764 797 2817 et
817 2758 1011 2834 proprietates
1031 2758 1163 2833 Linguae,

96 2858 154 2915 qua
184 2838 251 2897 libri
282 2837 439 2914 Scripturas
472 2838 572 2915 scripti
592 2839 719 2912 fuerunt,
742 2844 772 2897 et
792 2858 878 2914 quam
899 2858 998 2897 eorum
1018 2838 1166 2897 Authores

94 2918 173 2994 loqui
197 2919 339 2979 solebant.
361 2919 408 2978 Sic
429 2918 503 2978 enim
526 2938 625 2979 omnes
646 2939 756 2994 sensus,
779 2939 850 2994 quos
870 2938 1052 2994 unaquaeque
1074 2918 1166 2978 oratio

96 3018 134 3058 ex
163 2998 307 3057 communi
331 2999 466 3075 loquendi
487 3019 541 3058 usu
562 2999 716 3059 admittere
736 3002 842 3076 potest,
863 2999 1041 3073 investigare
1062 2998 1167 3074 poteri-

95 3098 168 3140 mus.
202 3079 241 3137 Et
275 3078 344 3155 quia
375 3099 482 3150 omnes,
515 3084 576 3138 tam
606 3080 722 3139 Veteris
753 3100 840 3156 quam
870 3079 946 3138 Novi
977 3079 1164 3151 Testamenti,

96 3159 252 3236 scriptores
265 3159 384 3219 Hebraei
394 3160 521 3233 fuerunt,
534 3164 645 3219 eertum
657 3155 710 3234 est,
721 3159 881 3219 Historiam
892 3160 1001 3234 linguae
1012 3158 1165 3218 Hebraicae

95 3259 157 3316 prae
189 3239 321 3299 omnibus
352 3239 544 3299 necessariam
575 3260 647 3312 esse,
671 3260 731 3299 non
751 3245 866 3299 tantum
887 3241 923 3298 ad
943 3238 1166 3313 intelligentiam

95 3319 233 3379 librorum
265 3320 381 3379 Veteris
411 3320 598 3393 Testamenti,
627 3320 677 3396 qui
696 3322 752 3379 hac
772 3320 873 3394 lingua
893 3318 995 3395 scripti
1016 3323 1094 3389 sunt,
1114 3319 1165 3377 sed

96 3399 184 3459 etiam
208 3399 300 3473 Novi;
321 3420 389 3459 nam
411 3400 543 3477 quamvis
565 3399 629 3460 aliis
648 3400 758 3476 linguis
777 3399 891 3475 vulgati
911 3398 1027 3471 fuerint,
1050 3397 1165 3456 hebrai-

96 3485 164 3540 zant
184 3484 292 3539 tamen.

136 3561 175 3620 Π.
209 3560 374 3620 Sententiae
396 3560 621 3637 uniuscujusque
640 3559 707 3618 libri
728 3559 863 3635 colligere
884 3561 978 3629 debet,
1000 3578 1107 3634 easque
1128 3558 1165 3618 ad

97 3660 209 3700 summa
240 3641 336 3717 capita
360 3641 501 3716 redigere,
527 3646 560 3700 ut
581 3641 622 3700 sic
642 3659 750 3713 omnes,
772 3660 838 3715 quae
859 3641 895 3699 de
915 3640 1015 3698 eadem
1036 3658 1068 3697 re
1088 3659 1167 3715 repe·

98 3720 223 3792 riuntur,
255 3720 285 3779 in
310 3726 446 3797 promptu
467 3722 574 3781 habere
595 3720 752 3797 possimus3
774 3719 878 3779 deinde
899 3740 949 3780 eas
969 3738 1077 3789 omnes,
1099 3738 1165 3794 quae

97 3801 243 3877 ambiguae
264 3802 311 3860 vel
332 3804 462 3861 obscurae
484 3806 562 3873 sunt,
584 3802 630 3860 vel
651 3819 717 3876 quae
738 3797 862 3858 invicem
882 3818 1046 3876 repugnare
1067 3797 1165 3857 viden·
