2662 4298
402 346 718 386 reposceres-rourum
738 348 803 387 oar.
826 347 866 385 xr.
1130 330 1169 386 89

103 511 190 583 modi,
222 512 327 588 quibus
346 512 400 571 Dei
421 514 537 572 decreta
557 513 701 571 efficacius
722 513 911 589 exprimebat,
933 517 962 570 et
982 502 1078 570 vivide
1100 513 1169 571 ima·

105 592 269 668 ginabatur.
300 592 373 651 Nolo
404 598 501 651 tamen
529 593 660 652 absolute
681 613 797 668 negare,
820 594 981 668 Prophetas
1002 613 1039 651 ex
1060 594 1168 651 revela·

103 672 186 731 tione
209 675 406 747 argumentari
434 673 571 749 potuisse,
599 674 649 732 sed
671 675 725 732 hoc
744 678 857 732 tantum
880 674 1000 743 affirmo,
1024 693 1079 748 quo
1102 674 1168 732 Pro-

103 754 199 830 phetae
219 752 312 828 magis
332 753 461 827 legitime
482 758 732 829 argumentantur,
754 774 787 812 eo
810 773 908 812 eorum
929 753 1064 828 cognitio,
1084 773 1169 828 quam

104 832 146 892 rei
176 833 313 892 revelatae
344 835 461 903 habent,
492 835 529 892 ad
561 835 721 893 naturalem
750 834 843 909 magis
872 834 995 905 accedit;
1025 839 1112 910 atque
1132 854 1170 892 ex

104 914 159 972 hoc
188 913 311 972 maxime
339 914 478 988 dignosci,
501 915 663 989 Prophetas
684 914 876 989 cognitionem
898 934 987 989 supra
1007 914 1170 972 naturalem

104 994 222 1064 habere,
244 995 320 1069 quod
341 994 450 1053 scilicet
470 1014 543 1070 pura
565 996 700 1069 dogmata
721 994 784 1053 sive
805 995 921 1053 decreta
935 994 995 1052 sive
1009 994 1170 1052 sententias

104 1072 277 1150 loquantur;
299 1080 329 1131 et
349 1073 413 1132 ideo
427 1095 568 1132 summum
582 1076 758 1150 Prophetam
772 1076 874 1132 Mosen
887 1075 997 1132 nullum
1009 1073 1169 1149 legitimum

105 1159 307 1229 argumentum
338 1154 455 1224 fecisse3
488 1159 517 1213 et
547 1160 649 1213 contra
679 1156 782 1229 longas
814 1154 896 1213 Pauli
928 1154 1113 1213 deductiones
1139 1160 1170 1212 et

105 1235 380 1308 argumentationes,
402 1236 502 1310 quales
520 1235 551 1293 in
565 1235 657 1310 Epist.
673 1236 709 1293 ad
723 1236 869 1293 Romanos
882 1234 1075 1309 reperiuntur,
1091 1235 1168 1293 nullo

104 1315 189 1372 modo
223 1335 261 1373 ex
294 1314 471 1374 revelatione
506 1315 720 1391 supernaturali
755 1314 878 1389 scriptas
911 1314 999 1373 fuisse
1034 1315 1167 1374 concedo.

40 1411 43 1415 ’
104 1395 207 1470 Itaque
241 1401 299 1453 tam
330 1394 407 1453 modi
435 1396 569 1471 loquendi
601 1416 687 1470 quam
714 1395 872 1454 disserendi
904 1394 1108 1470 Apostolorum
1138 1395 1169 1452 in

102 1474 240 1550 Epistolis
271 1474 427 1534 clarissime
458 1475 596 1546 indicant,
630 1477 743 1534 easdem
775 1495 833 1533 non
865 1495 902 1533 ex
933 1474 1109 1533 revelatione
1139 1480 1169 1533 et

103 1554 200 1613 divino
231 1556 378 1626 mandato,
400 1556 449 1613 sed
471 1561 584 1614 tanturn
606 1573 643 1614 ex
662 1556 789 1632 ipsorum
810 1555 936 1615 naturali
954 1554 1061 1630 judicio
1082 1555 1168 1632 scrip·

102 1639 148 1693 tas
173 1635 271 1706 fuisse,
303 1641 332 1694 et
352 1636 424 1694 nihil
445 1637 593 1695 continere
613 1641 721 1712 praeter
740 1637 885 1694 fraternas
905 1635 1077 1693 monitiones
1096 1634 1169 1694 mix·

102 1720 149 1773 tas
169 1714 334 1774 urbanitate
356 1717 383 1790 (a
406 1735 462 1791 qua
476 1736 546 1775 sane
562 1717 731 1793 prophetica
742 1716 904 1775 authoritas
914 1717 999 1791 plane
1010 1717 1167 1787 abhorret),

102 1795 196 1871 qualis
226 1800 271 1854 est
300 1795 351 1854 illa
371 1796 454 1854 Pauli
473 1797 622 1855 excusatio
642 1796 673 1855 in
692 1796 785 1873 Epist.
807 1797 844 1855 ad
864 1797 946 1854 Rom.
969 1816 1031 1871 cap.
1056 1796 1101 1854 15.
1123 1815 1167 1855 vs.

103 1877 160 1948 15,
193 1878 280 1951 paulo
310 1879 453 1935 cudamus
479 1881 583 1952 scripsi
606 1879 690 1947 nobis,
708 1880 827 1952 fratres.
850 1878 1005 1935 Possumus
1025 1880 1168 1951 praeterea

101 1956 156 2014 hoc
196 1956 290 2032 ipsum
328 1976 365 2014 ex
408 1976 442 2015 eo
482 1958 659 2028 concludere,
692 1958 767 2032 quod
798 1957 898 2015 nullibi
929 1955 1060 2030 legimus,
1093 1957 1167 2031 quod

102 2037 235 2115 Apostoli
261 2036 337 2112 jussi
368 2036 427 2095 sint
452 2038 587 2109 scribere,
613 2039 663 2096 sed
684 2042 796 2096 tantum
818 2037 976 2112 praedicare
998 2056 1167 2113 quocunque

102 2116 186 2185 irent,
208 2121 238 2175 et
259 2117 338 2175 dicta
357 2117 449 2191 signis
470 2119 648 2176 confirmare.
669 2119 742 2176 Nam
764 2137 863 2176 eorum
877 2117 1167 2192 praesentiaetsigna

103 2198 232 2255 absolute
263 2197 484 2271 requirebantur
505 2199 542 2256 ad
568 2203 669 2273 gentes
690 2199 726 2256 ad
748 2197 926 2272 Religionem
947 2197 1165 2267 convertendas,

98 2293 208 2352 'easque
238 2276 268 2334 in
300 2278 399 2336 eadem
431 2278 649 2349 confirmandas,
682 2283 714 2336 ut
743 2278 805 2353 ipse
836 2278 943 2335 Paulus
966 2276 996 2334 in
1016 2276 1107 2352 Epist,
1130 2278 1166 2334 ad

103 2357 185 2416 Rom.
219 2376 281 2433 cap.
316 2360 341 2415 1.
373 2378 416 2416 vs.
450 2360 497 2416 11.
529 2378 665 2434 expresse
695 2358 818 2429 indicat3
852 2361 920 2434 quic
951 2358 1040 2427 valde,
1065 2356 1166 2431 inquit,

103 2440 247 2496 desiderov
264 2445 296 2496 ut
324 2441 433 2496 uideam
456 2458 512 2509 vos,
535 2447 565 2497 ut
589 2440 741 2514 impertiar
761 2440 837 2497 cobis
857 2440 963 2496 donum
986 2437 1116 2513 Spiritus
1135 2445 1167 2496 ut

105 2520 320 2592 confirmemini.
341 2519 383 2577 At
404 2519 451 2576 hic
471 2519 557 2595 objici
577 2524 683 2594 posset,
706 2520 782 2594 quod
803 2519 902 2577 eodem
923 2518 1006 2577 modo
1020 2537 1168 2594 possemus

105 2599 283 2669 concludere,
296 2598 451 2674 Apostolos
461 2619 514 2657 nec
528 2599 615 2657 etiam
626 2605 765 2675 tanquam
776 2601 938 2674 Prophetas
948 2598 1166 2674 praedicavisse:

104 2698 169 2736 nam
202 2698 267 2736 cum
288 2679 345 2736 huc
365 2686 417 2736 aut
436 2678 504 2737 illuc
524 2679 711 2755 praedicatum
732 2680 822 2751 ibant,
843 2680 872 2737 id
893 2699 951 2738 non
972 2700 1009 2737 ex
1030 2698 1167 2754 expresso

102 2759 257 2831 mandate,
279 2758 366 2816 sicuti
397 2758 462 2817 olim
494 2760 659 2835 Prophetae,
687 2760 840 2819 faciebant.
862 2760 997 2835 Legimus
1017 2759 1048 2817 in
1068 2759 1167 2817 Veteri

103 2839 296 2908 Testamento,
329 2840 404 2913 quod
436 2841 527 2898 Jonas
558 2840 682 2899 Niniven
712 2840 901 2916 praedicatum
932 2840 994 2911 ivit,
1027 2859 1060 2897 aa
1084 2840 1168 2897 simul

103 2920 179 2994 quod
210 2936 244 2977 eo
275 2939 411 2995 expresse
441 2919 545 2978 missus
572 2925 625 2986 est,
647 2925 676 2979 et
697 2922 772 2996 quod
794 2921 820 2979 ei
841 2921 1001 2979 revelatum
1021 2920 1109 2978 fuerit
1128 2920 1166 2989 id,

104 2999 180 3074 quod
200 2998 240 3057 ibi
260 2999 417 3075 praedicare
439 3001 570 3058 debebat.
593 3001 639 3059 Sic
660 3001 744 3059 etiam
761 3002 795 3059 de
807 3001 1009 3076 Moseprolixe
1021 3004 1166 3070 narratur,

100 3079 179 3153 ¹quod
199 3079 229 3137 in
249 3081 408 3155 AEgyptum
430 3085 567 3155 tanquam
589 3081 644 3138 Dei
663 3082 778 3156 legatus
798 3082 944 3156 profectus
965 3086 1017 3149 est,
1034 3084 1063 3138 et
1074 3080 1166 3149 simul,

103 3159 170 3234 quid
201 3161 307 3235 populo
339 3160 498 3219 Israelitico
526 3166 556 3218 et
576 3161 650 3235 Regi
670 3160 837 3218 Pharahoni
858 3161 960 3230 dicere,
983 3165 1012 3218 et
1033 3179 1166 3235 quaeuam

103 3239 188 3314 signa
209 3241 245 3298 ad
266 3241 351 3298 fidem
372 3240 532 3299 faciendam
553 3261 649 3299 coram
670 3241 740 3316 ipsis
760 3242 855 3298 facere
876 3243 1037 3298 tenebatur.
1056 3240 1165 3309 Esaias,

102 3320 253 3391 ieremias,
284 3320 426 3394 Ezechiel,
458 3341 593 3396 expresse
621 3322 759 3396 jubentur
783 3320 922 3378 Israelitis
942 3319 1107 3395 praedicare.
1129 3319 1167 3376 Et

103 3400 226 3475 denique
264 3400 336 3458 nihil
367 3402 521 3477 Prophetae
552 3401 794 3476 praedicaverunt,
828 3401 902 3475 quod
931 3399 1079 3474 Scriptura
1109 3419 1165 3456 non

103 3483 236 3552 testetur,
272 3500 321 3539 eos
340 3481 370 3539 id
391 3501 408 3539 a
429 3482 490 3540 Deo
511 3482 664 3557 accepisse.
686 3483 727 3539 At
749 3482 784 3539 de
806 3480 953 3556 Apostolis
973 3479 1046 3537 nihil
1066 3479 1165 3548 simile,

103 3579 166 3619 cum
198 3561 256 3619 huo
286 3566 338 3619 aut
368 3561 435 3620 illuc
466 3562 548 3620 ibant
579 3562 776 3638 praedicatum,
808 3562 838 3618 in
869 3561 951 3619 Novo
972 3561 1165 3630 Testamenta,

103 3640 159 3698 nisi
190 3642 342 3700 admodum
374 3661 449 3713 rare,
477 3643 607 3717 legimus.
631 3643 686 3701 Sed
707 3647 809 3701 eontra
830 3643 961 3717 quaedam
982 3641 1165 3717 reperiemus,

103 3741 169 3797 quae
201 3740 337 3798 expresse
367 3721 504 3793 indicant,
537 3723 693 3798 Apostolos
715 3744 751 3781 ex
770 3722 887 3798 proprio
909 3721 1026 3781 consilio
1046 3723 1109 3780 loca
1130 3722 1166 3779 ad

102 3800 315 3878 praedicandum
348 3802 483 3877 elegisse:
517 3809 549 3861 ut
577 3803 722 3861 contentio
754 3803 803 3860 illa
834 3803 870 3861 ad
896 3802 1044 3861 dissidium
1065 3821 1165 3876 usque,
