2662 4298
123 293 182 351 282
545 311 685 352 arrsrons
700 310 765 352 m.

124 452 192 528 quia
222 450 344 510 firmiter
373 450 469 522 credo,
500 470 559 510 non
590 470 661 510 vero
691 452 917 514 Mathematioe
952 446 1041 530 scio,
1068 458 1191 535 Prophe&

124 532 179 592 Dei
199 531 316 590 intimos
336 529 521 590 consiliarios
541 535 572 590 et
591 531 719 607 Legatos
737 531 831 591 fnisse
854 534 965 610 fidos;
989 538 1070 597 adeo
1089 543 1121 598 ιιι
1135 538 1192 599 inis

125 633 189 689 quae
220 631 275 686 ego
306 609 457 682 affirmavi,
480 610 559 670 nulla
579 611 696 670 omnino
715 611 755 671 sit
774 614 1011 692 contradictio;
1036 638 1103 678 eum
1121 639 1135 678 a
1150 638 1192 681 aar

124 691 214 751 trario
236 694 273 751 ab
293 691 386 750 altera
406 694 490 766 parte
511 690 588 750 haud
610 711 712 768 paucas
732 692 952 756 inveniantur.

164 771 316 847 Reliquum
337 775 396 830 tuae
417 770 565 847 Epistolae,
587 791 690 848 nempe
710 771 760 831 ubi
770 771 866 833 dicis:
882 776 1035 855 Denique
1045 780 1194 840 Ειιιιιιιιιιιι

119 851 278 928 perfectum
309 859 434 922 noverat,
469 859 518 910 eto.
549 856 579 910 et
609 852 713 911 deinde
743 852 822 928 quod
855 860 978 917 contra
1001 859 1194 937 exemplanda

124 951 236 992 veneno
257 931 362 1003 adfers,
384 951 418 989 ac
438 931 548 1003 ultimo,
570 933 645 1007 qnod
655 931 869 1009 Appendicem,
882 940 921 994 et
931 936 977 1010 id,
990 940 1074 1015 quod
1083 939 1195 1018 sequitu,
1234 982 1237 987 ·

124 1016 245 1089 spectat,
268 1012 331 1071 dico
352 1012 428 1070 hano
447 1017 622 1087 praesentem
644 1011 845 1083 Quaestionem
866 1034 935 1075 non
959 1019 1122 1096 respicere.

164 1091 368 1152 Praefationem
398 1092 432 1150 L.
464 1093 504 1151 M.
527 1093 603 1167 quod
623 1092 739 1164 attinet,
758 1092 790 1151 in
809 1092 880 1170 ipsa
902 1102 997 1158 certe
1019 1100 1108 1160 simul
1126 1104 1195 1160 ostar

124 1172 211 1245 ditur,
243 1171 313 1250 quid
344 1171 474 1232 (lartesio
504 1173 599 1232 adhuc
629 1173 810 1249 probandum
842 1180 940 1249 osset,
978 1183 1018 1239 ut
1043 1180 1196 1241 solidanda

124 1253 228 1312 Libero
250 1251 381 1312 Arbitrio
403 1252 676 1312 demonstrationem
697 1253 847 1325 formaret,
870 1256 1076 1337 additurque,
1097 1279 1195 1321 mecon·

124 1334 247 1393 trariam
267 1333 366 1391 fovere
386 1332 569 1405 sententiam,
591 1338 621 1392 et
641 1333 782 1409 quomodo
802 1335 1016 1399 eamfoveam
1027 1362 1035 1402 ε
1047 1341 1196 1418 quamfort

125 1434 177 1473 suo
198 1419 327 1489 tempore
347 1412 488 1483 indicabo,
510 1432 587 1471 nunc
607 1433 677 1472 vero
697 1412 811 1472 animus
830 1433 895 1473 non
917 1422 982 1479 est.

164 1494 209 1552 De
233 1513 320 1568 opere
338 1512 408 1552 vero
428 1512 516 1568 super
536 1492 699 1553 cortesium
719 1513 773 1552 neo
792 1493 939 1569 cogitavi,
966 1519 1030 1560 nec
1050 1501 1196 1563 ulterioran

125 1573 188 1648 ejus
209 1572 286 1648 gessi
307 1592 415 1645 curam,
436 1577 590 1649 postquam
611 1592 742 1632 sermone
762 1573 885 1649 Belgica
908 1579 1094 1656 prodiit;et
1104 1581 1197 1658 quiden

128 1672 187 1711 non
217 1652 280 1711 sine
310 1653 431 1725 ratione,
460 1673 545 1728 quam
576 1653 623 1713 hie
643 1672 792 1713 recensere
812 1653 940 1730 longum
963 1659 1062 1724 foret.
1083 1663 1198 1722 Adeoni

126 1731 200 1791 nihil
220 1732 372 1790 dicendum
392 1737 491 1805 restet,
512 1753 598 1809 quam
618 1753 672 1805 me,
694 1737 750 1793 etc.

190 1864 353 1927 [sensenna
370 1865 401 1911 aa
417 1865 472 1912 ran.
491 1863 568 1924 raes]

397 2152 612 2210 Eprsronn
633 2151 720 2210 XXII
741 2151 928 2226 (onmxxxv).

526 2313 692 2370 Clarissimo
719 2311 798 2370 Viro

595 2464 629 2522 B.
651 2482 679 2522 n.
702 2463 730 2522 S.

288 2603 588 2663 GUILIELMUS
614 2604 672 2662 DE
700 2603 1048 2668 BLYENBERGH.

437 2756 592 2831 Responsio
615 2757 654 2814 od
674 2757 892 2831 praecedentem.

588 2905 700 2965 Versio.
716 2903 733 2938 *

248 3059 293 3117 Mi
313 3060 445 3136 Domine,
469 3065 494 3117 et
514 3059 600 3116 abore
620 3059 729 3129 Amice,

166 3184 325 3260 Epistolam
353 3187 442 3243 tuam.
466 3184 513 3242 28.
535 3182 670 3241 ianuarii
691 3181 837 3257 scriptam,
859 3200 911 3240 suo
932 3186 1066 3258 tempore
1089 3188 1203 3265 accepi;

127 3264 192 3324 aliae
214 3263 418 3339 occupationes
437 3267 547 3339 praeter
557 3262 653 3322 studia
663 3261 884 3337 impediverunt,
896 3281 952 3336 quo
963 3262 1063 3324 minus
1074 3268 1114 3326 ad
1126 3273 1203 3328 tuam

128 3344 213 3404 citius
233 3343 446 3420 responderim
468 3348 498 3402 et
519 3343 653 3420 quoniam
674 3342 722 3401 hio
740 3342 799 3401 illio
819 3342 934 3401 acribus
954 3346 1006 3402 tua
1027 3346 1144 3408 referta
1164 3352 1205 3407 est

126 3424 409 3499 reprehensionibus,
442 3423 511 3500 quid
543 3424 578 3482 de
599 3443 633 3482 ea
651 3421 820 3498 judicarem,
842 3422 894 3481 vix
915 3422 1059 3484 sciebam:
1082 3447 1156 3487 nam
1177 3428 1218 3486 in·

127 3503 229 3578 prima,
257 3508 284 3564 5.
312 3503 446 3563 Januarii
471 3508 599 3576 exarata,
621 3508 681 3562 tam
702 3503 860 3562 liberaliter
881 3502 1038 3564 amicitiam
1062 3511 1146 3567 tuam
1170 3527 1204 3568 ex

164 3706 176 3730 *
208 3706 246 3750 nb
264 3707 353 3753 amieis
370 3707 445 3753 facta.
462 3707 656 3766 Aut-ographon,
673 3705 741 3764 quod
759 3718 809 3752 nna
826 3720 881 3752 oum
899 3707 945 3766 Ep.
955 3707 1006 3752 XX.
1016 3709 1204 3759 amstelodami

134 3771 258 3825 servatur,
275 3770 301 3813 in
318 3769 365 3815 Ed,
382 3770 455 3828 Belg.
471 3769 610 3828 repetitum
628 3772 676 3815 est.
