2662 4298
483 363 840 404 rflaouoamorommcun.

629 585 703 642 VIII

507 769 824 829 mmmmm

170 940 227 995 LB.
262 939 362 996 Mona.
392 938 449 996 Per
469 957 516 996 res
536 937 738 1014 perceptibiles
758 957 817 996 non
837 938 902 996 illas
922 943 1036 997 tantum
1057 938 1197 1013 intellige,

129 1039 196 1095 quae
217 1017 345 1093 legitime
366 1018 610 1088 demonstrantur,
633 1018 683 1076 sed
704 1018 790 1077 etiam
811 1018 884 1089 illas,
906 1039 971 1094 quae
993 1019 1095 1077 morali
1116 1020 1199 1078 certi·

127 1099 229 1157 tudine
260 1098 394 1174 amplecti
425 1102 455 1156 et
484 1097 546 1156 sine
578 1098 768 1156 admiratione
799 1099 898 1157 audire
929 1100 1061 1170 solemus,
1084 1099 1199 1157 tametsi

128 1179 321 1237 demonstrari
341 1198 525 1254 nequaquam
546 1178 666 1253 possint.
688 1179 815 1236 Euclidis
835 1179 1046 1254 propositiones
1067 1179 1199 1255 aquovis

127 1259 328 1336 percipiuntur
358 1259 526 1335 priusquam
558 1259 794 1316 demonstrantur
825 1262 850 1318 *.
887 1259 933 1318 Sic
954 1259 1040 1317 etiam
1062 1259 1199 1318 historias

127 1360 225 1398 rerum
246 1344 306 1397 tam
327 1339 491 1397 futurarum
513 1359 599 1414 quam
619 1339 841 1414 praeteritamm,
864 1360 928 1415 quae
943 1341 1098 1397 humanam
1113 1340 1197 1397 fidem

127 1440 188 1478 non
223 1420 375 1490 excedunt,
397 1425 430 1477 ut
451 1419 538 1477 etiam
557 1419 632 1495 jura,
654 1419 798 1490 instituta,
821 1424 850 1478 11
871 1439 974 1492 mores,
996 1419 1198 1496 perceptibiles

127 1520 200 1558 voco
242 1504 271 1557 et
301 1500 402 1572 claros,
435 1499 552 1557 tametsi
583 1503 731 1575 nequeunt
761 1500 965 1558 mathematice
997 1499 1197 1558 demonstrari.

127 1581 275 1639 Oaeterum
296 1579 525 1655 hieroglyphice,
547 1584 577 1638 et
597 1579 743 1652 historias,
759 1600 823 1655 quae
838 1581 924 1647 fidem
936 1599 1048 1639 omnem
1060 1580 1199 1638 excedere

130 1660 273 1730 videntur,
305 1659 546 1736 imperceptibiles
574 1660 652 1733 dico;
672 1665 715 1719 ¹et
735 1664 834 1719 tamen
855 1681 892 1719 ex
913 1660 958 1719 his
977 1661 1061 1737 plura
1083 1661 1197 1732 dantur,

129 1761 196 1817 quae
218 1760 256 1798 ex
276 1745 377 1799 nostra
398 1741 532 1799 methodo
553 1739 726 1816 investigari
747 1746 877 1816 possunt,
900 1745 932 1799 ut
952 1745 1077 1799 mentem
1089 1740 1199 1799 autoris

129 1841 332 1897 pere1p1amus.

166 1953 177 1978 *
212 1951 273 1999 Haeo
291 1954 426 2010 sententia,
442 1953 554 1998 Euclidis
565 1983 616 2000 ....
633 1953 844 2009 deinonatrantur,
861 1954 887 1999 in
903 1953 946 1998 LB
964 1954 1099 2000 omittitur.

647 2172 689 2229 IX

507 2358 550 2417 (ad
565 2373 623 2418 pag.
640 2360 679 2415 57,
701 2362 765 2405 tom.
783 2358 827 2416 ΙΙ).

171 2520 230 2577 LB.
252 2520 354 2579 Musa.
376 2519 485 2595 Nempe
506 2523 543 2578 ab
563 2519 711 2592 historico,
733 2539 791 2578 non
813 2522 849 2578 ab
870 2521 1053 2591 Abrahamo;
1068 2540 1135 2579 nam
1149 2521 1198 2591 ait,

129 2602 234 2670 locum,
257 2599 306 2675 qui
327 2600 412 2658 hodie
433 2600 538 2659 dicitur
558 2603 589 2659 in
609 2609 702 2660 monte
722 2602 778 2660 Dci
790 2602 969 2672 cuncluditur,
985 2604 1022 2660 ab
1033 2602 1199 2659 Abrahamo

130 2685 266 2738 vocatum
287 2680 377 2738 fuisse
398 2682 475 2740 Deus
490 2683 661 2756 providebit.

655 2923 681 2979 X

508 3095 550 3156 (ad
566 3110 624 3156 pag.
642 3097 680 3153 59,
703 3100 764 3145 tom.
781 3098 824 3152 II).

174 3250 233 3307 LB.
266 3251 366 3308 Mons.
398 3252 425 3309 A
458 3269 514 3326 quo
545 3254 675 3326 tempore
696 3251 842 3326 usquead
864 3251 1014 3310 Jehorami
1034 3252 1049 3285 *
1070 3270 1201 3325 regnum,

134 3350 191 3406 quo
213 3333 302 3388 abeo
324 3331 518 3389 discessemnt
539 3331 579 3404 (2.
601 3331 673 3406 Reg.
696 3351 740 3406 cp.
763 3333 791 3390 8.
812 3351 855 3390 vs.
879 3332 948 3405 211),
970 3331 1100 3389 Idumaea
1118 3349 1202 3405 reges

134 3431 193 3468 non
214 3410 325 3480 babuit,
347 3412 397 3470 sed
418 3411 558 3487 praesides
579 3431 596 3469 a
617 3411 729 3470 Judaeis
750 3411 900 3470 constituti
924 3411 1002 3486 regis
1022 3411 1116 3469 locum
1137 3430 1202 3487 sup-

134 3491 268 3567 plebant;
290 3491 348 3550 vid.
374 3495 399 3551 1.
422 3493 494 3566 Reg.
516 3511 579 3567 cap.
602 3493 649 3551 22.
671 3512 715 3550 vs,
738 3493 802 3562 48.;
825 3495 855 3549 et
867 3491 931 3550 ideo
946 3491 1084 3550 Idumaeae
1095 3511 1203 3566 praeses

136 3574 176 3643 (2.
212 3573 284 3646 Reg.
308 3592 352 3647 cp.
375 3573 402 3630 3.
424 3592 467 3632 vs.
491 3572 531 3645 9.)
552 3591 604 3631 rea
624 3573 796 3648 appellatur.
817 3572 866 3629 An
887 3576 983 3630 autem
1005 3571 1123 3631 ultimus
1133 3572 1202 3630 1111-
1255 3592 1257 3597 ·

133 3672 273 3710 maeorum
304 3672 405 3728 regum
436 3672 560 3727 regnare
588 3652 729 3729 inceperit
750 3657 906 3727 antequam
927 3651 996 3711 Saul
1016 3671 1069 3711 rex
1090 3657 1204 3711 creatus

134 3732 232 3802 tuerit,
266 3752 303 3790 an
324 3752 394 3791 vero
416 3733 565 3808 Scriptura
585 3733 616 3790 in
637 3735 692 3792 hoo
713 3732 859 3792 Geneseos
880 3732 974 3808 capite
995 3752 1080 3808 reges
1101 3733 1202 3791 solum·

135 3813 228 3883 modo,
252 3813 301 3888 qui
321 3811 423 3871 invicti
444 3813 576 3884 obierint,
598 3815 714 3873 tradere
734 3811 867 3883 voluerit,
889 3812 997 3888 ambigi
1007 3817 1112 3889 potest.
1125 3812 1204 3870 Oete-

175 3920 215 3978 11.
1047 3920 1084 3978 12
