2662 4298
128 339 190 396 416
537 355 676 394 srisrom
696 355 796 394 xxxv.

127 523 189 581 vita
210 527 240 580 et
260 525 353 579 morte
374 520 530 596 singularis
550 520 716 579 sanctitatis
737 523 923 598 exemplum
950 524 1051 597 dedit,
1074 530 1104 582 et
1117 530 1215 584 eatenus

127 603 282 678 discipulos
306 621 374 660 suos
395 601 554 659 amortuis
575 601 704 673 suscitat,
727 606 884 676 quatenus
910 603 978 679 ipsi
1002 605 1062 663 hoc
1083 605 1150 663 vitae
1167 608 1214 682 ejus

128 688 157 741 et
177 681 279 740 mortis
300 682 461 756 exemplum
477 685 645 756 sequuntur.
657 681 717 740 Nec
728 681 854 741 difficile
867 689 960 742 esset
972 690 1074 744 totam
1085 687 1213 760 Euangelii

127 763 288 821 doctrinam
321 762 477 820 secundum
509 762 585 819 hanc
616 761 794 837 hypothesin
819 763 1001 838 explicare.
1026 766 1092 825 Imo
1114 771 1129 802 *
1147 775 1214 842 caput
1250 828 1252 833 ,

129 846 175 902 15.
196 844 249 918 Ep.
274 843 300 901 1.
323 843 360 900 ad
381 841 547 900 Corinthios
567 861 603 900 ex
619 843 681 900 sola
694 843 749 900 hac
764 842 941 917 hypothesi
961 847 1116 921 explicari
1128 852 1212 922 potest,

127 930 156 981 et
185 922 268 981 Pauli
293 927 465 996 argumenta
485 922 618 997 intelligi,
640 942 704 980 cum
725 922 799 980 alias
823 943 1032 984 communem
1055 928 1212 1003 hypothesin

127 1003 273 1080 sequendo
303 1002 418 1061 infirma
448 1008 618 1078 appareant,
650 1007 680 1060 et
710 1001 787 1060 facili
818 1005 957 1079 negotio
982 1008 1084 1066 refelli
1105 1008 1211 1083 possint;

127 1088 160 1141 nt
178 1085 238 1158 jam
253 1082 286 1117 **
308 1087 430 1153 taceam,
452 1084 527 1157 quod
549 1082 706 1141 Christiani
720 1081 828 1154 omnia,
846 1105 921 1160 quae
938 1087 1048 1146 Judaei
1064 1089 1212 1156 carnaliter,

127 1163 317 1238 spiritualiter
348 1162 533 1238 interpretati
561 1167 638 1221 sunt.
667 1163 837 1221 Humanam
860 1165 1116 1227 imbecillitatem
1136 1174 1211 1226 tecum

127 1263 263 1318 agnosco.
286 1244 341 1301 Sed
363 1247 392 1301 te
414 1248 515 1301 contra
536 1263 640 1318 rogare
661 1242 732 1300 mihi
751 1241 852 1315 liceat,
876 1265 921 1302 an
939 1267 1002 1305 nos
1018 1249 1212 1307 homunciones

126 1328 239 1382 tantam
260 1324 380 1382 Naturae
403 1323 597 1398 cognitionem
608 1324 775 1394 habeamus
788 1327 823 1380 ut
839 1323 1061 1387 determinare
1076 1329 1210 1404 possimus,

26 1470 28 1473 ,
127 1423 275 1480 quousque
306 1404 369 1479 ejus
401 1403 447 1462 vis
477 1409 507 1461 et
534 1403 666 1478 potentia
693 1422 724 1461 se
745 1403 893 1476 extendit,
926 1411 963 1464 et
987 1409 1062 1483 quid
1086 1411 1148 1485 ejus
1166 1409 1210 1467 vin
1250 1432 1252 1459 ι

127 1489 246 1560 superat
267 1488 332 1556 *„*:
355 1484 431 1560 quod
452 1483 519 1558 quia
540 1503 624 1542 nemo
642 1483 704 1542 sine
719 1484 894 1558 arrogantia
909 1506 1109 1561 praesumere
1122 1495 1210 1566 potest
1250 1468 1252 1491 Ι

125 1565 194 1622 licet
225 1584 296 1638 ergo
327 1566 435 1638 absque
465 1564 617 1639 jactantia,
653 1563 791 1622 miracula
819 1583 877 1638 per
912 1586 1032 1627 causas
1066 1571 1210 1638 naturales
1250 1598 1252 1607 ·

127 1649 266 1718 quantum
288 1645 350 1702 fieri
371 1648 476 1720 potest,
499 1643 654 1720 explicare,
676 1648 705 1702 et
726 1663 790 1718 quae
802 1643 962 1719 explicare
978 1669 1044 1706 non
1060 1670 1209 1725 possumus,

126 1744 179 1782 nec
201 1723 288 1781 etiam
310 1724 517 1792 demonstrare,
541 1724 616 1801 quod
638 1724 765 1783 absurda
785 1723 854 1792 sint,
878 1726 986 1786 satius
1009 1729 1072 1788 erit
1083 1731 1209 1806 judicium

127 1805 162 1861 de
176 1803 212 1861 iis
226 1805 410 1878 suspendere,
427 1809 457 1862 et
470 1804 659 1879 Religionem,
674 1803 718 1862 uti
732 1803 801 1873 dixi,
816 1804 881 1861 sola
892 1805 1062 1868 Doctrinae
1078 1810 1209 1886 sapientia

127 1885 287 1942 adstruere.
319 1885 397 1942 Loca
428 1884 552 1960 denique
580 1883 733 1959 Euangelii
760 1884 908 1943 <lobannis
940 1892 975 1945 et
1005 1889 1152 1965 Epistola
1176 1890 1204 1948 ad

126 1965 266 2024 Hebraeos
300 1964 344 2036 iis,
384 1985 447 2042 quae
480 1964 550 2036 dixi,
583 1983 748 2039 repugnare
779 1962 883 2034 credis,
916 1967 996 2040 quia
1029 1970 1204 2046 Linguamn

127 2044 310 2103 orientalium
331 2046 452 2121 phrases
462 2045 613 2120 Europaeis
623 2043 758 2119 loquendi
768 2043 861 2101 modis
870 2046 1009 2121 metiris;
1027 2055 1071 2119 et,
1085 2050 1208 2126 quamvis

126 2127 276 2183 Johannes
297 2146 380 2184 sunm
400 2125 591 2200 Euangelium
613 2124 715 2183 Graece
736 2123 894 2198 scripserit,
916 2126 1089 2189 hebraizat
1110 2137 1205 2189 tamen.

127 2206 266 2281 Quicquid
298 2206 345 2276 sit,
374 2226 412 2263 an
440 2205 542 2274 credis,
575 2206 689 2279 quando
720 2204 869 2278 Scriptura
895 2205 949 2276 ait,
976 2211 1062 2284 quod
1086 2212 1164 2270 Dens
1181 2212 1205 2267 in

125 2287 207 2344 Nube
229 2306 291 2344 sese
312 2286 551 2354 manifestaverit,
574 2290 625 2342 aut
646 2286 721 2360 qnod
737 2285 765 2341 in
781 2285 988 2345 Tabernaculo
1005 2294 1037 2347 et
1050 2291 1084 2348 in
1097 2292 1206 2366 Templo

126 2366 310 2435 habitaverit,
339 2362 419 2441 qnod*
440 2366 501 2441 ipse
525 2367 602 2423 Deus
624 2371 758 2423 naturam
779 2364 879 2432 Nubis,
903 2366 1125 2440 Tabernaculi‚
1147 2378 1173 2428 et
1190 2376 1205 2435 'i‘

125 2447 235 2521 Templi
256 2447 443 2522 assumpserit
464 2450 525 2517 ††‘?
546 2445 637 2520 Atqui
658 2447 712 2503 hoc
734 2464 874 2502 summurn
896 2449 951 2516 est,
978 2451 1065 2523 quod
1080 2452 1207 2509 Christus

125 2527 159 2583 de
191 2547 221 2584 se
251 2527 313 2601 ipso
346 2528 420 2585 dixit
441 2531 504 2599 tlt,
537 2546 567 2583 se
596 2526 704 2583 scilicet
729 2525 867 2599 templum
888 2525 943 2582 Dei
968 2547 1047 2600 esse,
1075 2532 1203 2589 nimirum

125 2606 200 2679 quia,
234 2611 266 2663 ut
293 2607 323 2663 in
352 2607 422 2664 meis
449 2607 715 2681 praecedentibus§
746 2605 812 2675 dixi,
834 2605 914 2662 Deus
935 2625 1005 2666 sese
1027 2612 1161 2669 maxime
1179 2611 1206 2667 in

124 2685 238 2742 Christo
268 2686 481 2754 manifestavit3
511 2687 587 2761 qnod
613 2687 763 2743 Johannes
784 2689 817 2743 nt
838 2685 990 2745 efficacius
1013 2692 1202 2766 exprimeret,

124 2764 207 2835 dixit,
230 2767 349 2822 verbnm
371 2767 479 2823 sactum
501 2786 564 2823 esse
586 2786 710 2824 carnem.
734 2766 789 2823 Sed
811 2766 845 2822 de
868 2765 913 2822 his
934 2767 1021 2827 satis,
1115 2829 1117 2831 ,

158 3772 228 3819 *G.:
245 3772 337 3816 Primo.
433 3771 461 3795 Η
479 3771 521 3815 G.:
539 3776 566 3814 ut
583 3777 683 3815 tuocum.
754 3765 791 3820 Ἄ*
811 3767 854 3812 G.:
872 3768 1156 3830 c.rtendat...erqrerer.

157 3835 291 3888 tG.:aut.
324 3833 539 3885 iiiimacmeerit.
572 3836 617 3889 †,t†
638 3828 794 3879 &zamam
829 3829 905 3884 §Ga
914 3832 1117 3887 precedentibus·
1129 3840 1201 3890 ineis,
