2662 4298
123 294 180 350 432
638 329 672 336 --

126 479 233 536 babere
249 480 419 550 potamum
438 495 540 536 oerum
559 479 608 536 itte
626 480 733 536 iterum
744 481 911 556 iterumque
922 482 1184 556 obstinateneoore

128 562 295 632 contraque,
316 574 378 614 nou
399 557 472 616 adeo
493 575 523 616 se
544 559 696 616 Medicinae
716 560 830 631 rudem,
853 565 885 618 nt
908 562 1015 620 atiena
1036 581 1128 621 manu
1142 566 1186 622 eat

130 640 166 696 sit
198 653 280 709 onus,
308 637 492 709 pertendere.
526 638 631 710 Quare,
663 656 728 696 eum
754 641 928 712 perieulum
956 644 991 699 iu
1012 661 1102 702 mora
1121 650 1187 713 esset,

129 722 155 776 et
176 718 207 774 S.
229 717 344 789 Iteyina
365 718 410 775 oet
432 718 517 775 inniti
536 719 683 776 rationem
701 720 804 778 baberi
825 720 919 792 nettet,
935 723 1032 794 jussu
1055 725 1117 795 ejus
1131 725 1198 789 Oar-¹

128 799 233 855 tesiam
264 797 377 867 aeaeae,
399 815 582 873 operamque,
604 803 717 873 quanta
736 802 770 857 in
789 818 836 859 me
856 805 909 872 est,
934 820 1030 878 quum
1050 804 1201 863 humanm.

128 879 202 935 sime
224 877 321 948 offero.
353 876 512 949 Adraittor,
535 880 669 953 quamvis
689 880 852 937 etiamnum
872 890 1190 957 oeqre,·oerumpaaeis

129 958 313 1015 sermonibus
333 957 411 1014 ultro
432 959 558 1033 citroque
577 959 695 1028 babitis,
716 977 781 1017 eum
803 961 839 1019 ete
859 963 962 1020 morbi
982 968 1103 1022 natura
1116 965 1191 1040 deque

128 1038 252 1095 rernedii
288 1054 396 1109 uenere
422 1037 500 1095 ietem
529 1056 589 1095 non
618 1041 800 1109 sentiremus,
833 1043 899 1098 sine
931 1043 1041 1116 fruetu
1074 1045 1191 1103 discessi.

136 1118 377 1175 Veneeseotionem
408 1118 490 1187 adeo,
522 1123 626 1176 eontra
650 1121 746 1192 uentis
766 1137 827 1178 sure
847 1140 974 1193 morem,
996 1126 1151 1191 metuebat,
1168 1133 1191 1181 ut

129 1197 170 1254 aet
191 1198 284 1253 solam
306 1198 368 1268 eiras
381 1199 557 1256 mentionem
568 1200 777 1258 euborresoeret
787 1207 813 1258 et
824 1201 870 1260 bis
881 1204 916 1259 in
927 1203 993 1261 haee
1002 1206 1098 1263 uerba
1109 1223 1191 1263 erum·

124 1281 215 1349 neret.
239 1277 309 1335 Mrs.
332 1296 490 1351 espargner
512 1279 579 1350 [sie]
600 1279 627 1336 le
648 1297 721 1353 sang
735 1279 870 1352 franeoiS,
882 1285 1069 1360 tertiumque
1083 1286 1192 1343 biduum

69 1428 71 1431 Ι
128 1365 264 1427 aruerat>
296 1358 364 1414 etori
391 1360 510 1429 peteret.
541 1359 608 1431 Eoo
637 1361 758 1417 interim
788 1362 966 1434 eoyitabam
999 1363 1128 1423 invitum
1153 1364 1192 1440 qui

127 1443 226 1498 servat
246 1439 321 1496 idem
343 1436 413 1494 facit
434 1437 576 1496 occidenti
590 1442 614 1509 *,
637 1457 756 1511 eumque
776 1442 922 1500 instantis
944 1447 1057 1503 mortis
1071 1448 1192 1516 uoniam

126 1527 233 1588 σημεῖα,
256 1519 307 1578 seat
329 1515 563 1586 ἀναμφισβήτητα
581 1517 715 1586 τεκμήρια
735 1538 763 1578 se
779 1522 1190 1593 proderentmanumtibeu·

125 1608 169 1661 ter
198 1600 381 1657 eruorituro
403 1601 595 1660 abstinebam.
628 1602 747 1674 Elapso
768 1602 875 1659 deiude
897 1605 988 1661 tertio
1010 1606 1115 1676 biduo,
1132 1607 1192 1680 fatti

127 1700 156 1741 se
171 1683 238 1753 jam
260 1683 286 1736 et
304 1680 386 1751 febre
407 1683 501 1738 teneri
522 1681 706 1753 querebatur,
728 1697 818 1753 eaque
838 1699 872 1739 en
886 1683 1023 1756 alloquio
1039 1704 1114 1758 meo,
1124 1705 1189 1759 pou·

126 1778 226 1820 eoram
248 1759 313 1815 tioet
335 1760 489 1817 uerborum
509 1762 684 1833 minimeque
705 1761 892 1832 contentioso,
907 1763 1024 1822 oborta.
1050 1767 1133 1824 Nim.
1143 1785 1190 1824 non

125 1840 213 1900 habui
234 1839 352 1911 febrem,
368 1838 549 1914 Symmacho,
561 1861 638 1899 nune
648 1842 740 1899 habeo
751 1843 793 1898 *ἢῆ
815 1842 943 1899 Ensotui
953 1862 1025 1902 mon
1037 1847 1188 1914 brachium,

125 1921 356 1995 sanquinemque
377 1924 421 1977 ter
443 1921 544 1978 eadem
566 1922 613 1980 etie
635 1922 749 1979 detrahi
769 1920 833 1988 sibi,
856 1923 931 1980 satis
948 1942 1013 1996 pro
1036 1928 1146 1984 attritis
1154 1929 1187 1983 u'·

125 2004 208 2060 ribus
234 2001 355 2071 eopiosa,
372 2000 464 2071 jubet.
490 2000 600 2059 Oetaea
621 2003 667 2060 die
689 2001 844 2074 sinyuttus,
866 2006 957 2074 sputa
979 2006 1084 2076 niara,
1106 2008 1188 2078 respi-

124 2085 203 2141 ratio
234 2075 376 2148 μετέωρος,
409 2081 485 2137 oeun
516 2085 592 2154 naui,
615 2085 715 2139 omnia
734 2083 863 2155 funesta.
894 2082 955 2140 nze
976 2086 1087 2142 uinum
1104 2087 1188 2159 poerit

126 2164 205 2236 quod
230 2163 366 2235 introsum
387 2161 504 2218 baberet
528 2163 686 2230 Tabaeum,
707 2163 817 2219 uomitu
837 2161 946 2220 bostem
969 2167 1189 2226 ruurouurus:

126 2249 152 2301 et
172 2261 235 2300 mos
256 2247 319 2299 erut
339 2241 495 2314 uerendus,
518 2243 579 2299 uisi·
603 2243 634 2298 in
653 2243 787 2315 furorem
793 2242 888 2313 niune
899 2244 1045 2313 conjicere
1056 2247 1188 2303 noluisses

124 2326 271 2382 bominem
293 2324 480 2394 obstinatum,
503 2322 545 2378 ita
566 2326 665 2379 tamen
685 2323 834 2379 moderato
846 2323 979 2393 consitio,
993 2327 1025 2380 ut
1036 2327 1110 2383 rino
1121 2342 1188 2400 aqrra

126 2406 219 2460 (tituto
248 2404 319 2460 teris
340 2403 403 2460 sota
425 2403 612 2459 immersione
633 2403 730 2458 tabaei
752 2403 824 2459 octor
845 2403 1015 2474 afflaretur,
1038 2423 1078 2462 ne
1100 2407 1188 2463 obesse

125 2500 303 2556 uiamropere
330 2486 429 2554 posset
451 2483 620 2549 remedium,
642 2483 720 2539 abias
743 2483 774 2538 in
793 2483 845 2538 boe
867 2482 972 2551 affeetu
993 2488 1114 2542 tantum
1134 2502 1186 2541 nou

126 2565 255 2621 occidere
284 2567 397 2619 natum.
430 2563 496 2633 Eoo
528 2565 639 2619 interea
669 2566 735 2636 post
755 2565 870 2618 eareoba
890 2562 1017 2620 latebam
1030 2565 1092 2634 *ἢ
1115 2570 1140 2622 et
1159 2582 1187 2621 er

125 2645 217 2699 urina
249 2640 343 2693 δεινὸν
376 2637 484 2708 βλέπων
517 2647 661 2714 tunquam
690 2659 767 2699 anus
786 2643 915 2715 tbtietiee
935 2645 1041 2701 mortis
1064 2646 1187 2717 anymia

126 2724 275 2779 canebam.
313 2721 399 2779 Nono
433 2723 535 2779 aurinia
557 2723 705 2796 rtiffleitin.
736 2723 859 2779 Decimo
880 2740 993 2780 summo
1014 2742 1105 2783 mane
1125 2726 1183 2781 Deo

127 2804 259 2860 animam
281 2803 430 2870 reddidit·
451 2805 494 2859 ita
516 2820 601 2874 suero
621 2819 771 2877 roseoque,
793 2803 939 2874 qieamois,
961 2804 989 2860 si
1004 2805 1186 2876 scriptaejus

127 2884 282 2956 ditiaenter
313 2886 469 2949 examines,
504 2884 664 2955 Tbeotoyus
695 2883 819 2954 quietam
845 2900 904 2953 nro
930 2901 1028 2954 nuper
1049 2884 1188 2941 Atbeismi

125 2967 236 3021 crimen
268 2966 313 3021 itti
345 2965 485 3036 objecerit.
519 2963 606 3020 litua
637 2964 786 3034 imprimis
816 2962 990 3019 mirandum
1018 2965 1049 3020 in
1072 2982 1104 3021 eo
1123 2965 1186 3037 fuit,

126 3046 205 3116 quart
237 3062 302 3101 oum
333 3048 395 3117 inse
423 3045 460 3101 Ι).
483 3045 614 3116 Leuatns
636 3061 669 3100 eu
690 3043 786 3100 eodem
803 3059 933 3114 prorsus
953 3044 1055 3101 morbo
1078 3045 1186 3102 rteeum·

127 3126 210 3193 beret,
233 3126 310 3181 istem
336 3126 485 3182 Onrtesius
506 3142 551 3180 me
572 3124 735 3180 ineonsutto
757 3140 793 3179 ue
812 3123 968 3178 min-imum
983 3124 1105 3194 atridem
1116 3141 1187 3195 oeoro

124 3204 191 3273 fieri
207 3221 320 3275 nessus
342 3208 421 3273 esset,
444 3205 619 3276 sinautaqne
640 3204 770 3260 remedia
787 3219 923 3274 nrmsens
937 3203 1070 3261 toramen
1086 3205 1187 3274 afferre

127 3284 254 3351 uictisset,
278 3286 350 3341 acteo
371 3289 470 3340 tumen
491 3285 527 3340 ab
549 3285 629 3341 onnei
649 3284 796 3340 mertieina
818 3286 842 3339 et
862 3282 968 3339 meetiei
989 3284 1113 3341 consitio
1134 3287 1185 3340 toto

125 3365 219 3421 morbi
250 3365 376 3422 eteeursu
407 3364 523 3421 alienus
554 3366 651 3435 tuerit,
674 3368 763 3420 utne
784 3367 931 3434 aspertum
953 3363 1072 3434 quietem
1094 3381 1184 3420 meum

126 3446 188 3502 uisi
209 3445 295 3501 semet
317 3446 496 3513 sustinuerit,
519 3445 679 3518 etieereoue,
702 3463 757 3518 que
778 3442 823 3500 s’il
845 3461 881 3499 ne
900 3460 946 3498 me
957 3443 1059 3517 voyoit
1068 3442 1151 3517 point
1162 3444 1184 3512 ἓ,

154 3659 163 3678 “
181 3659 267 3704 Horat.
285 3656 314 3702 A.
333 3658 359 3702 P.
376 3659 428 3703 467.
478 3656 502 3680 *⁸*
519 3656 630 3702 Martial.
646 3655 733 3713 Epigr.
750 3655 777 3700 V.
795 3655 816 3699 9.
865 3653 902 3711 *,*
919 3653 1008 3709 virgil.
1028 3653 1082 3698 Eol.
1096 3655 1143 3699 111.
1152 3652 1187 3697 20.

155 3721 269 3778 §Legem
295 3734 339 3778 que
364 3719 405 3763 s'it
431 3719 507 3763 deooit
523 3720 627 3773 mourir,
645 3719 664 3762 il
680 3719 800 3761 mourroit
817 3730 872 3761 aare
886 3717 945 3773 ptus
962 3715 990 3758 de
1006 3720 1187 3770 eontentement,

125 3783 166 3827 s’it
181 3798 210 3828 ne
228 3783 284 3840 (me)
301 3783 380 3839 ooyoit
391 3783 466 3840 point
484 3781 591 3837 (Baillet,
609 3781 654 3826 Vie
671 3780 702 3825 de
719 3780 849 3825 Monsieur
865 3776 1024 3832 Des-Certos,
1042 3778 1077 3833 II,
1094 3778 1157 3833 418).
