<?xml version="1.0" encoding="UTF-8"?>
<!DOCTYPE html PUBLIC "-//W3C//DTD XHTML 1.0 Transitional//EN"
    "http://www.w3.org/TR/xhtml1/DTD/xhtml1-transitional.dtd">
<html xmlns="http://www.w3.org/1999/xhtml" xml:lang="en" lang="en">
 <head>
  <title>
</title>
<meta http-equiv="Content-Type" content="text/html;charset=utf-8" />
  <meta name='ocr-system' content='tesseract 3.04.00' />
  <meta name='ocr-capabilities' content='ocr_page ocr_carea ocr_par ocr_line ocrx_word'/>
</head>
<body>
  <div class='ocr_page' id='page_1' title='image "./operaquotquotre00landgoog/operaquotquotre00landgoog_0367.png"; bbox 0 0 2662 4298; ppageno 0'>
   <div class='ocr_carea' id='block_1_1' title="bbox 125 343 770 399">
    <p class='ocr_par' dir='ltr' id='par_1_1' title="bbox 125 343 770 399">
     <span class='ocr_line' id='line_1_1' title="bbox 125 343 770 399; baseline -0.009 0"><span class='ocrx_word' id='word_1_1' title='bbox 125 343 184 399; x_wconf 82' lang='lat'>370</span> <span class='ocrx_word' id='word_1_2' title='bbox 548 355 686 394; x_wconf 76' lang='grc'><strong>11111011</strong></span> <span class='ocrx_word' id='word_1_3' title='bbox 707 355 770 394; x_wconf 74' lang='lat' dir='ltr'>arv.</span> 
     </span>
    </p>
   </div>
   <div class='ocr_carea' id='block_1_2' title="bbox 124 523 1231 3081">
    <p class='ocr_par' dir='ltr' id='par_1_2' title="bbox 124 523 1192 1480">
     <span class='ocr_line' id='line_1_2' title="bbox 124 523 1187 589; baseline 0.005 -5"><span class='ocrx_word' id='word_1_4' title='bbox 124 525 239 585; x_wconf 87' lang='lat' dir='ltr'>Divinae</span> <span class='ocrx_word' id='word_1_5' title='bbox 278 523 470 581; x_wconf 87' lang='lat' dir='ltr'>necessarium</span> <span class='ocrx_word' id='word_1_6' title='bbox 508 542 571 580; x_wconf 89' lang='lat' dir='ltr'>esse</span> <span class='ocrx_word' id='word_1_7' title='bbox 600 523 741 581; x_wconf 87' lang='lat' dir='ltr'>effectum.</span> <span class='ocrx_word' id='word_1_8' title='bbox 777 523 911 582; x_wconf 84' lang='lat' dir='ltr'>Vocent</span> <span class='ocrx_word' id='word_1_9' title='bbox 947 526 1006 584; x_wconf 90' lang='lat' dir='ltr'>hoc</span> <span class='ocrx_word' id='word_1_10' title='bbox 1039 527 1187 589; x_wconf 82' lang='lat' dir='ltr'>voluntatem.</span> 
     </span>
     <span class='ocr_line' id='line_1_3' title="bbox 124 603 1187 678; baseline 0.001 -14"><span class='ocrx_word' id='word_1_11' title='bbox 124 605 311 674; x_wconf 89' lang='lat' dir='ltr'>intellectum,</span> <span class='ocrx_word' id='word_1_12' title='bbox 344 604 389 660; x_wconf 90' lang='lat' dir='ltr'>vel</span> <span class='ocrx_word' id='word_1_13' title='bbox 422 622 593 678; x_wconf 89' lang='lat' dir='ltr'>quocunque</span> <span class='ocrx_word' id='word_1_14' title='bbox 622 603 701 660; x_wconf 89' lang='lat' dir='ltr'>lubet</span> <span class='ocrx_word' id='word_1_15' title='bbox 732 603 873 672; x_wconf 90' lang='lat' dir='ltr'>nomine,</span> <span class='ocrx_word' id='word_1_16' title='bbox 912 625 951 663; x_wconf 89' lang='lat' dir='ltr'>eo</span> <span class='ocrx_word' id='word_1_17' title='bbox 982 612 1084 665; x_wconf 86' lang='lat' dir='ltr'>tamen</span> <span class='ocrx_word' id='word_1_18' title='bbox 1108 608 1187 666; x_wconf 83' lang='grc'><strong>1111111</strong></span> 
     </span>
     <span class='ocr_line' id='line_1_4' title="bbox 126 683 1188 758; baseline 0.003 -15"><span class='ocrx_word' id='word_1_19' title='bbox 126 685 289 756; x_wconf 80' lang='lat' dir='ltr'>devenient,</span> <span class='ocrx_word' id='word_1_20' title='bbox 321 684 395 758; x_wconf 92' lang='lat' dir='ltr'>quod</span> <span class='ocrx_word' id='word_1_21' title='bbox 424 703 510 741; x_wconf 90' lang='lat' dir='ltr'>unam</span> <span class='ocrx_word' id='word_1_22' title='bbox 539 683 715 757; x_wconf 79' lang='lat' dir='ltr'>eandemque</span> <span class='ocrx_word' id='word_1_23' title='bbox 735 702 801 740; x_wconf 90' lang='lat' dir='ltr'>rem</span> <span class='ocrx_word' id='word_1_24' title='bbox 825 683 969 744; x_wconf 88' lang='lat' dir='ltr'>diversis</span> <span class='ocrx_word' id='word_1_25' title='bbox 992 688 1148 746; x_wconf 88' lang='lat' dir='ltr'>nominibus</span> <span class='ocrx_word' id='word_1_26' title='bbox 1162 708 1188 746; x_wconf 84' lang='lat' dir='ltr'>cr·</span> 
     </span>
     <span class='ocr_line' id='line_1_5' title="bbox 126 762 1189 841; baseline 0.005 -19"><span class='ocrx_word' id='word_1_27' title='bbox 126 766 259 841; x_wconf 89' lang='lat' dir='ltr'>priment.</span> <span class='ocrx_word' id='word_1_28' title='bbox 293 764 322 821; x_wconf 81' lang='lat' dir='ltr'>Si</span> <span class='ocrx_word' id='word_1_29' title='bbox 354 763 430 821; x_wconf 88' lang='lat' dir='ltr'>enim</span> <span class='ocrx_word' id='word_1_30' title='bbox 462 782 511 821; x_wconf 88' lang='lat' dir='ltr'>eos</span> <span class='ocrx_word' id='word_1_31' title='bbox 541 783 636 838; x_wconf 86' lang='lat' dir='ltr'>roges,</span> <span class='ocrx_word' id='word_1_32' title='bbox 664 782 703 819; x_wconf 91' lang='lat' dir='ltr'>an</span> <span class='ocrx_word' id='word_1_33' title='bbox 723 762 840 821; x_wconf 83' lang='lat' dir='ltr'>Divina</span> <span class='ocrx_word' id='word_1_34' title='bbox 866 766 1023 825; x_wconf 86' lang='lat' dir='ltr'>voluntas</span> <span class='ocrx_word' id='word_1_35' title='bbox 1044 769 1082 826; x_wconf 87' lang='lat' dir='ltr'>ab</span> <span class='ocrx_word' id='word_1_36' title='bbox 1101 769 1189 826; x_wconf 83' lang='lat' dir='ltr'>human</span> 
     </span>
     <span class='ocr_line' id='line_1_6' title="bbox 126 843 1189 924; baseline 0.005 -22"><span class='ocrx_word' id='word_1_37' title='bbox 126 865 184 902; x_wconf 92' lang='lat' dir='ltr'>non</span> <span class='ocrx_word' id='word_1_38' title='bbox 206 844 328 913; x_wconf 83' lang='lat' dir='ltr'>differat,</span> <span class='ocrx_word' id='word_1_39' title='bbox 350 843 535 919; x_wconf 90' lang='lat' dir='ltr'>respondent,</span> <span class='ocrx_word' id='word_1_40' title='bbox 556 843 680 918; x_wconf 85' lang='lat' dir='ltr'>priorem</span> <span class='ocrx_word' id='word_1_41' title='bbox 695 862 754 900; x_wconf 91' lang='lat' dir='ltr'>non</span> <span class='ocrx_word' id='word_1_42' title='bbox 769 843 827 900; x_wconf 91' lang='lat' dir='ltr'>nisi</span> <span class='ocrx_word' id='word_1_43' title='bbox 847 864 969 905; x_wconf 89' lang='lat' dir='ltr'>nomen</span> <span class='ocrx_word' id='word_1_44' title='bbox 985 867 1055 906; x_wconf 86' lang='lat' dir='ltr'>oum</span> <span class='ocrx_word' id='word_1_45' title='bbox 1070 849 1189 924; x_wconf 75' lang='lat' dir='ltr'>posteriore</span> 
     </span>
     <span class='ocr_line' id='line_1_7' title="bbox 128 922 1189 999; baseline 0.004 -17"><span class='ocrx_word' id='word_1_46' title='bbox 128 943 278 982; x_wconf 90' lang='lat' dir='ltr'>commune</span> <span class='ocrx_word' id='word_1_47' title='bbox 300 924 421 982; x_wconf 88' lang='lat' dir='ltr'>habere:</span> <span class='ocrx_word' id='word_1_48' title='bbox 440 928 634 998; x_wconf 75' lang='lat' dir='ltr'>praeterquam</span> <span class='ocrx_word' id='word_1_49' title='bbox 648 923 723 997; x_wconf 90' lang='lat' dir='ltr'>quod</span> <span class='ocrx_word' id='word_1_50' title='bbox 736 922 937 999; x_wconf 89' lang='lat' dir='ltr'>plerumque,</span> <span class='ocrx_word' id='word_1_51' title='bbox 955 928 1016 986; x_wconf 90' lang='lat' dir='ltr'>Dei</span> <span class='ocrx_word' id='word_1_52' title='bbox 1031 930 1189 988; x_wconf 84' lang='lat' dir='ltr'>Voluntaten</span> 
     </span>
     <span class='ocr_line' id='line_1_8' title="bbox 129 1002 1190 1084; baseline 0.008 -23"><span class='ocrx_word' id='word_1_53' title='bbox 129 1005 321 1072; x_wconf 72' lang='lat' dir='ltr'>Intellectum,</span> <span class='ocrx_word' id='word_1_54' title='bbox 354 1003 525 1077; x_wconf 85' lang='lat' dir='ltr'>Essentiam,</span> <span class='ocrx_word' id='word_1_55' title='bbox 558 1007 610 1061; x_wconf 89' lang='lat' dir='ltr'>aut</span> <span class='ocrx_word' id='word_1_56' title='bbox 639 1002 783 1061; x_wconf 85' lang='lat' dir='ltr'>Naturam</span> <span class='ocrx_word' id='word_1_57' title='bbox 817 1024 920 1063; x_wconf 84' lang='lat' dir='ltr'>unam</span> <span class='ocrx_word' id='word_1_58' title='bbox 955 1010 1138 1084; x_wconf 86' lang='lat' dir='ltr'>eandemque</span> <span class='ocrx_word' id='word_1_59' title='bbox 1157 1028 1190 1067; x_wconf 81' lang='grc'><strong>1111</strong></span> 
     </span>
     <span class='ocr_line' id='line_1_9' title="bbox 129 1082 1191 1157; baseline 0.007 -15"><span class='ocrx_word' id='word_1_60' title='bbox 129 1104 200 1154; x_wconf 88' lang='lat' dir='ltr'>esse,</span> <span class='ocrx_word' id='word_1_61' title='bbox 222 1085 399 1154; x_wconf 82' lang='lat' dir='ltr'>concedunt3</span> <span class='ocrx_word' id='word_1_62' title='bbox 422 1083 506 1141; x_wconf 91' lang='lat' dir='ltr'>sicuti</span> <span class='ocrx_word' id='word_1_63' title='bbox 521 1088 551 1141; x_wconf 90' lang='lat' dir='ltr'>et</span> <span class='ocrx_word' id='word_1_64' title='bbox 564 1102 627 1157; x_wconf 85' lang='lat' dir='ltr'>ego,</span> <span class='ocrx_word' id='word_1_65' title='bbox 642 1102 679 1140; x_wconf 90' lang='lat' dir='ltr'>ne</span> <span class='ocrx_word' id='word_1_66' title='bbox 692 1082 833 1141; x_wconf 89' lang='lat' dir='ltr'>Divinam</span> <span class='ocrx_word' id='word_1_67' title='bbox 849 1090 1006 1146; x_wconf 86' lang='lat' dir='ltr'>naturam</span> <span class='ocrx_word' id='word_1_68' title='bbox 1023 1110 1090 1147; x_wconf 91' lang='lat' dir='ltr'>cum</span> <span class='ocrx_word' id='word_1_69' title='bbox 1104 1091 1191 1148; x_wconf 79' lang='lat' dir='ltr'>human</span> 
     </span>
     <span class='ocr_line' id='line_1_10' title="bbox 128 1162 1191 1244; baseline 0.006 -22"><span class='ocrx_word' id='word_1_70' title='bbox 128 1165 313 1239; x_wconf 88' lang='lat' dir='ltr'>confundam,</span> <span class='ocrx_word' id='word_1_71' title='bbox 346 1164 406 1221; x_wconf 91' lang='lat' dir='ltr'>Deo</span> <span class='ocrx_word' id='word_1_72' title='bbox 438 1165 566 1221; x_wconf 86' lang='lat' dir='ltr'>humana</span> <span class='ocrx_word' id='word_1_73' title='bbox 593 1162 743 1234; x_wconf 89' lang='lat' dir='ltr'>attributa,</span> <span class='ocrx_word' id='word_1_74' title='bbox 765 1183 880 1239; x_wconf 87' lang='lat' dir='ltr'>nempe</span> <span class='ocrx_word' id='word_1_75' title='bbox 906 1167 1119 1244; x_wconf 87' lang='lat' dir='ltr'>Voluntatem,</span> <span class='ocrx_word' id='word_1_76' title='bbox 1137 1169 1191 1227; x_wconf 82' lang='lat' dir='ltr'>Intel-</span> 
     </span>
     <span class='ocr_line' id='line_1_11' title="bbox 126 1243 1191 1325; baseline 0.005 -23"><span class='ocrx_word' id='word_1_77' title='bbox 126 1246 241 1315; x_wconf 81' lang='lat' dir='ltr'>lectum,</span> <span class='ocrx_word' id='word_1_78' title='bbox 258 1243 472 1314; x_wconf 81' lang='lat' dir='ltr'>attentionem,</span> <span class='ocrx_word' id='word_1_79' title='bbox 502 1243 640 1314; x_wconf 87' lang='lat' dir='ltr'>auditum,</span> <span class='ocrx_word' id='word_1_80' title='bbox 669 1247 734 1312; x_wconf 79' lang='lat' dir='ltr'>eta,</span> <span class='ocrx_word' id='word_1_81' title='bbox 762 1262 825 1301; x_wconf 93' lang='lat' dir='ltr'>non</span> <span class='ocrx_word' id='word_1_82' title='bbox 855 1247 1008 1322; x_wconf 86' lang='lat' dir='ltr'>adsigno.</span> <span class='ocrx_word' id='word_1_83' title='bbox 1037 1250 1110 1309; x_wconf 89' lang='lat' dir='ltr'>Dico</span> <span class='ocrx_word' id='word_1_84' title='bbox 1128 1251 1191 1325; x_wconf 75' lang='lat' dir='ltr'>igitr.</span> 
     </span>
     <span class='ocr_line' id='line_1_12' title="bbox 128 1322 1192 1400; baseline 0.007 -17"><span class='ocrx_word' id='word_1_85' title='bbox 128 1330 161 1383; x_wconf 92' lang='lat' dir='ltr'>ut</span> <span class='ocrx_word' id='word_1_86' title='bbox 179 1326 239 1400; x_wconf 85' lang='lat' dir='ltr'>jam</span> <span class='ocrx_word' id='word_1_87' title='bbox 253 1324 336 1382; x_wconf 90' lang='lat' dir='ltr'>modo</span> <span class='ocrx_word' id='word_1_88' title='bbox 352 1323 420 1393; x_wconf 87' lang='lat' dir='ltr'>dixi,</span> <span class='ocrx_word' id='word_1_89' title='bbox 436 1324 576 1382; x_wconf 87' lang='lat' dir='ltr'>Mundum</span> <span class='ocrx_word' id='word_1_90' title='bbox 590 1322 703 1381; x_wconf 87' lang='lat' dir='ltr'>Divinae</span> <span class='ocrx_word' id='word_1_91' title='bbox 715 1322 840 1382; x_wconf 85' lang='lat' dir='ltr'>Naturae</span> <span class='ocrx_word' id='word_1_92' title='bbox 853 1331 1075 1389; x_wconf 89' lang='lat' dir='ltr'>necessarium</span> <span class='ocrx_word' id='word_1_93' title='bbox 1086 1333 1192 1397; x_wconf 77' lang='lat' dir='ltr'>effectur,</span> 
     </span>
     <span class='ocr_line' id='line_1_13' title="bbox 129 1404 693 1480; baseline -0.004 -17"><span class='ocrx_word' id='word_1_94' title='bbox 129 1425 252 1480; x_wconf 90' lang='lat' dir='ltr'>eumque</span> <span class='ocrx_word' id='word_1_95' title='bbox 274 1404 393 1462; x_wconf 90' lang='lat' dir='ltr'>fortuito</span> <span class='ocrx_word' id='word_1_96' title='bbox 416 1424 472 1462; x_wconf 94' lang='lat' dir='ltr'>non</span> <span class='ocrx_word' id='word_1_97' title='bbox 495 1424 557 1461; x_wconf 89' lang='lat' dir='ltr'>esse</span> <span class='ocrx_word' id='word_1_98' title='bbox 577 1405 693 1461; x_wconf 88' lang='lat' dir='ltr'>factum.</span> 
     </span>
    </p>

    <p class='ocr_par' dir='ltr' id='par_1_3' title="bbox 126 1483 1197 2201">
     <span class='ocr_line' id='line_1_14' title="bbox 167 1483 1193 1567; baseline 0.008 -25"><span class='ocrx_word' id='word_1_99' title='bbox 167 1486 232 1543; x_wconf 91' lang='lat' dir='ltr'>Hoc</span> <span class='ocrx_word' id='word_1_100' title='bbox 252 1485 383 1542; x_wconf 90' lang='lat' dir='ltr'>sufficere</span> <span class='ocrx_word' id='word_1_101' title='bbox 404 1484 537 1551; x_wconf 90' lang='lat' dir='ltr'>arbitror,</span> <span class='ocrx_word' id='word_1_102' title='bbox 560 1487 592 1541; x_wconf 92' lang='lat' dir='ltr'>ut</span> <span class='ocrx_word' id='word_1_103' title='bbox 611 1483 663 1541; x_wconf 91' lang='lat' dir='ltr'>tibi</span> <span class='ocrx_word' id='word_1_104' title='bbox 683 1483 890 1558; x_wconf 86' lang='lat' dir='ltr'>persuadeam,</span> <span class='ocrx_word' id='word_1_105' title='bbox 918 1508 1032 1548; x_wconf 88' lang='lat' dir='ltr'>eorum</span> <span class='ocrx_word' id='word_1_106' title='bbox 1054 1491 1193 1567; x_wconf 71' lang='lat' dir='ltr'>opiniones</span> 
     </span>
     <span class='ocr_line' id='line_1_15' title="bbox 129 1564 1194 1640; baseline 0.007 -19"><span class='ocrx_word' id='word_1_107' title='bbox 129 1565 178 1640; x_wconf 91' lang='lat' dir='ltr'>qui</span> <span class='ocrx_word' id='word_1_108' title='bbox 199 1565 299 1622; x_wconf 90' lang='lat' dir='ltr'>dicunt</span> <span class='ocrx_word' id='word_1_109' title='bbox 321 1564 357 1638; x_wconf 86' lang='lat' dir='ltr'>(si</span> <span class='ocrx_word' id='word_1_110' title='bbox 378 1564 426 1639; x_wconf 91' lang='lat' dir='ltr'>qui</span> <span class='ocrx_word' id='word_1_111' title='bbox 449 1568 544 1622; x_wconf 91' lang='lat' dir='ltr'>tamen</span> <span class='ocrx_word' id='word_1_112' title='bbox 566 1564 639 1621; x_wconf 89' lang='lat' dir='ltr'>tales</span> <span class='ocrx_word' id='word_1_113' title='bbox 660 1564 787 1636; x_wconf 86' lang='lat' dir='ltr'>dantur),</span> <span class='ocrx_word' id='word_1_114' title='bbox 804 1567 962 1626; x_wconf 91' lang='lat' dir='ltr'>mundum</span> <span class='ocrx_word' id='word_1_115' title='bbox 977 1571 1107 1630; x_wconf 88' lang='lat' dir='ltr'>fortuito</span> <span class='ocrx_word' id='word_1_116' title='bbox 1119 1572 1194 1630; x_wconf 83' lang='lat' dir='ltr'>factm</span> 
     </span>
     <span class='ocr_line' id='line_1_16' title="bbox 129 1643 1194 1727; baseline 0.006 -25"><span class='ocrx_word' id='word_1_117' title='bbox 129 1663 200 1713; x_wconf 90' lang='lat' dir='ltr'>esse,</span> <span class='ocrx_word' id='word_1_118' title='bbox 232 1664 304 1702; x_wconf 66' lang='lat' dir='ltr'>meae</span> <span class='ocrx_word' id='word_1_119' title='bbox 337 1644 452 1701; x_wconf 91' lang='lat' dir='ltr'>omnino</span> <span class='ocrx_word' id='word_1_120' title='bbox 484 1643 669 1716; x_wconf 81' lang='lat' dir='ltr'>contrariari3</span> <span class='ocrx_word' id='word_1_121' title='bbox 702 1647 732 1701; x_wconf 94' lang='lat' dir='ltr'>et</span> <span class='ocrx_word' id='word_1_122' title='bbox 762 1644 819 1701; x_wconf 89' lang='lat' dir='ltr'>hac</span> <span class='ocrx_word' id='word_1_123' title='bbox 853 1645 955 1706; x_wconf 85' lang='lat' dir='ltr'>nixus</span> <span class='ocrx_word' id='word_1_124' title='bbox 990 1649 1194 1727; x_wconf 56' lang='lat' dir='ltr'>hypothesin</span> 
     </span>
     <span class='ocr_line' id='line_1_17' title="bbox 128 1722 1196 1807; baseline 0.006 -25"><span class='ocrx_word' id='word_1_125' title='bbox 128 1743 227 1782; x_wconf 91' lang='lat' dir='ltr'>earum</span> <span class='ocrx_word' id='word_1_126' title='bbox 247 1723 391 1781; x_wconf 89' lang='lat' dir='ltr'>rationum</span> <span class='ocrx_word' id='word_1_127' title='bbox 412 1724 634 1799; x_wconf 84' lang='lat' dir='ltr'>inquisitionem,</span> <span class='ocrx_word' id='word_1_128' title='bbox 657 1743 694 1781; x_wconf 84' lang='lat' dir='ltr'>ex</span> <span class='ocrx_word' id='word_1_129' title='bbox 715 1722 821 1798; x_wconf 90' lang='lat' dir='ltr'>quibus</span> <span class='ocrx_word' id='word_1_130' title='bbox 844 1725 982 1800; x_wconf 86' lang='lat' dir='ltr'>Spectra</span> <span class='ocrx_word' id='word_1_131' title='bbox 998 1733 1101 1790; x_wconf 90' lang='lat' dir='ltr'>omnis</span> <span class='ocrx_word' id='word_1_132' title='bbox 1114 1729 1196 1807; x_wconf 79' lang='lat' dir='ltr'>generis</span> 
     </span>
     <span class='ocr_line' id='line_1_18' title="bbox 129 1803 1196 1879; baseline 0.007 -18"><span class='ocrx_word' id='word_1_133' title='bbox 129 1803 254 1861; x_wconf 83' lang='lat' dir='ltr'>existere</span> <span class='ocrx_word' id='word_1_134' title='bbox 282 1804 436 1875; x_wconf 88' lang='lat' dir='ltr'>concludis,</span> <span class='ocrx_word' id='word_1_135' title='bbox 465 1824 564 1879; x_wconf 82' lang='lat' dir='ltr'>pergo.</span> <span class='ocrx_word' id='word_1_136' title='bbox 594 1803 675 1873; x_wconf 81' lang='lat' dir='ltr'>Quod</span> <span class='ocrx_word' id='word_1_137' title='bbox 703 1803 733 1861; x_wconf 90' lang='lat' dir='ltr'>in</span> <span class='ocrx_word' id='word_1_138' title='bbox 759 1823 869 1877; x_wconf 86' lang='lat' dir='ltr'>genere</span> <span class='ocrx_word' id='word_1_139' title='bbox 893 1808 936 1866; x_wconf 94' lang='lat' dir='ltr'>de</span> <span class='ocrx_word' id='word_1_140' title='bbox 959 1809 1000 1868; x_wconf 89' lang='lat' dir='ltr'>iis</span> <span class='ocrx_word' id='word_1_141' title='bbox 1025 1812 1123 1871; x_wconf 82' lang='lat' dir='ltr'>dicere</span> <span class='ocrx_word' id='word_1_142' title='bbox 1141 1811 1196 1869; x_wconf 84' lang='lat' dir='ltr'>valeo</span> 
     </span>
     <span class='ocr_line' id='line_1_19' title="bbox 129 1883 1196 1968; baseline 0.006 -26"><span class='ocrx_word' id='word_1_143' title='bbox 129 1889 182 1956; x_wconf 89' lang='lat' dir='ltr'>est,</span> <span class='ocrx_word' id='word_1_144' title='bbox 205 1904 254 1942; x_wconf 90' lang='lat' dir='ltr'>eas</span> <span class='ocrx_word' id='word_1_145' title='bbox 274 1884 368 1958; x_wconf 84' lang='lat' dir='ltr'>magis</span> <span class='ocrx_word' id='word_1_146' title='bbox 389 1885 570 1960; x_wconf 90' lang='lat' dir='ltr'>conjecturas</span> <span class='ocrx_word' id='word_1_147' title='bbox 591 1904 676 1959; x_wconf 92' lang='lat' dir='ltr'>quam</span> <span class='ocrx_word' id='word_1_148' title='bbox 696 1883 825 1942; x_wconf 87' lang='lat' dir='ltr'>rationes</span> <span class='ocrx_word' id='word_1_149' title='bbox 847 1885 963 1960; x_wconf 90' lang='lat' dir='ltr'>videri,</span> <span class='ocrx_word' id='word_1_150' title='bbox 988 1911 1102 1968; x_wconf 89' lang='lat' dir='ltr'>meque</span> <span class='ocrx_word' id='word_1_151' title='bbox 1115 1890 1196 1951; x_wconf 86' lang='lat' dir='ltr'>diffieil·</span> 
     </span>
     <span class='ocr_line' id='line_1_20' title="bbox 127 1963 1196 2040; baseline 0.006 -18"><span class='ocrx_word' id='word_1_152' title='bbox 127 1965 193 2022; x_wconf 93' lang='lat' dir='ltr'>lime</span> <span class='ocrx_word' id='word_1_153' title='bbox 232 1965 356 2033; x_wconf 88' lang='lat' dir='ltr'>credere,</span> <span class='ocrx_word' id='word_1_154' title='bbox 396 1969 425 2022; x_wconf 88' lang='lat' dir='ltr'>te</span> <span class='ocrx_word' id='word_1_155' title='bbox 457 1984 506 2022; x_wconf 85' lang='lat' dir='ltr'>eas</span> <span class='ocrx_word' id='word_1_156' title='bbox 537 1984 589 2040; x_wconf 93' lang='lat' dir='ltr'>pro</span> <span class='ocrx_word' id='word_1_157' title='bbox 620 1963 779 2022; x_wconf 89' lang='lat' dir='ltr'>rationibus</span> <span class='ocrx_word' id='word_1_158' title='bbox 810 1965 1077 2031; x_wconf 84' lang='lat' dir='ltr'>demonstrativis</span> <span class='ocrx_word' id='word_1_159' title='bbox 1108 1974 1196 2031; x_wconf 84' lang='lat' dir='ltr'>haben.</span> 
     </span>
     <span class='ocr_line' id='line_1_21' title="bbox 126 2043 1197 2125; baseline 0.008 -24"><span class='ocrx_word' id='word_1_160' title='bbox 126 2046 235 2104; x_wconf 91' lang='lat' dir='ltr'>Verum</span> <span class='ocrx_word' id='word_1_161' title='bbox 266 2045 423 2114; x_wconf 90' lang='lat' dir='ltr'>videamus,</span> <span class='ocrx_word' id='word_1_162' title='bbox 456 2045 518 2103; x_wconf 88' lang='lat' dir='ltr'>sive</span> <span class='ocrx_word' id='word_1_163' title='bbox 550 2045 722 2119; x_wconf 89' lang='lat' dir='ltr'>conjecturae</span> <span class='ocrx_word' id='word_1_164' title='bbox 751 2043 813 2102; x_wconf 90' lang='lat' dir='ltr'>sive</span> <span class='ocrx_word' id='word_1_165' title='bbox 839 2046 985 2109; x_wconf 89' lang='lat' dir='ltr'>rationes</span> <span class='ocrx_word' id='word_1_166' title='bbox 1008 2058 1094 2125; x_wconf 92' lang='lat' dir='ltr'>sunt,</span> <span class='ocrx_word' id='word_1_167' title='bbox 1115 2073 1150 2112; x_wconf 91' lang='lat' dir='ltr'>an</span> <span class='ocrx_word' id='word_1_168' title='bbox 1166 2070 1197 2110; x_wconf 78' lang='lat' dir='ltr'>cas</span> 
     </span>
     <span class='ocr_line' id='line_1_22' title="bbox 128 2124 614 2201; baseline -0.002 -17"><span class='ocrx_word' id='word_1_169' title='bbox 128 2146 180 2201; x_wconf 89' lang='lat' dir='ltr'>pro</span> <span class='ocrx_word' id='word_1_170' title='bbox 202 2125 332 2184; x_wconf 88' lang='lat' dir='ltr'>fundatis</span> <span class='ocrx_word' id='word_1_171' title='bbox 354 2145 499 2183; x_wconf 84' lang='lat' dir='ltr'>assumere</span> <span class='ocrx_word' id='word_1_172' title='bbox 521 2124 614 2183; x_wconf 89' lang='lat' dir='ltr'>liceat.</span> 
     </span>
    </p>

    <p class='ocr_par' dir='ltr' id='par_1_4' title="bbox 126 2203 1231 3081">
     <span class='ocr_line' id='line_1_23' title="bbox 167 2203 1198 2288; baseline 0.005 -25"><span class='ocrx_word' id='word_1_173' title='bbox 167 2207 265 2264; x_wconf 88' lang='lat' dir='ltr'>Prima</span> <span class='ocrx_word' id='word_1_174' title='bbox 286 2210 337 2264; x_wconf 89' lang='lat' dir='ltr'>tua</span> <span class='ocrx_word' id='word_1_175' title='bbox 358 2205 431 2263; x_wconf 87' lang='lat' dir='ltr'>ratio</span> <span class='ocrx_word' id='word_1_176' title='bbox 453 2210 505 2274; x_wconf 90' lang='lat' dir='ltr'>est,</span> <span class='ocrx_word' id='word_1_177' title='bbox 529 2205 604 2280; x_wconf 87' lang='lat' dir='ltr'>quod</span> <span class='ocrx_word' id='word_1_178' title='bbox 626 2206 662 2262; x_wconf 88' lang='lat' dir='ltr'>ad</span> <span class='ocrx_word' id='word_1_179' title='bbox 683 2203 933 2280; x_wconf 89' lang='lat' dir='ltr'>pulchritudinem</span> <span class='ocrx_word' id='word_1_180' title='bbox 955 2230 996 2268; x_wconf 89' lang='lat' dir='ltr'>ac</span> <span class='ocrx_word' id='word_1_181' title='bbox 1011 2213 1198 2288; x_wconf 89' lang='lat' dir='ltr'>universiper·</span> 
     </span>
     <span class='ocr_line' id='line_1_24' title="bbox 126 2284 1231 2364; baseline 0.003 -20"><span class='ocrx_word' id='word_1_182' title='bbox 126 2286 278 2344; x_wconf 87' lang='lat' dir='ltr'>fectionem</span> <span class='ocrx_word' id='word_1_183' title='bbox 311 2307 344 2344; x_wconf 88' lang='lat' dir='ltr'>ea</span> <span class='ocrx_word' id='word_1_184' title='bbox 376 2285 439 2343; x_wconf 88' lang='lat' dir='ltr'>dari</span> <span class='ocrx_word' id='word_1_185' title='bbox 469 2285 604 2360; x_wconf 83' lang='lat' dir='ltr'>pertinet.</span> <span class='ocrx_word' id='word_1_186' title='bbox 630 2284 826 2352; x_wconf 90' lang='lat' dir='ltr'>Pulchritudo‚</span> <span class='ocrx_word' id='word_1_187' title='bbox 849 2287 1058 2361; x_wconf 89' lang='lat' dir='ltr'>Amplissime</span> <span class='ocrx_word' id='word_1_188' title='bbox 1082 2295 1142 2364; x_wconf 90' lang='lat' dir='ltr'>Vir,</span> <span class='ocrx_word' id='word_1_189' title='bbox 1160 2312 1199 2350; x_wconf 88' lang='lat' dir='ltr'>non</span> <span class='ocrx_word' id='word_1_190' title='bbox 1229 2314 1231 2323; x_wconf 67' lang='lat'>¹</span> 
     </span>
     <span class='ocr_line' id='line_1_25' title="bbox 127 2364 1201 2447; baseline 0.008 -23"><span class='ocrx_word' id='word_1_191' title='bbox 127 2371 186 2424; x_wconf 87' lang='lat' dir='ltr'>tam</span> <span class='ocrx_word' id='word_1_192' title='bbox 219 2367 331 2441; x_wconf 89' lang='lat' dir='ltr'>objecti,</span> <span class='ocrx_word' id='word_1_193' title='bbox 365 2367 439 2441; x_wconf 89' lang='lat' dir='ltr'>quod</span> <span class='ocrx_word' id='word_1_194' title='bbox 473 2365 655 2440; x_wconf 84' lang='lat' dir='ltr'>conspicitur,</span> <span class='ocrx_word' id='word_1_195' title='bbox 688 2371 732 2423; x_wconf 91' lang='lat' dir='ltr'>est</span> <span class='ocrx_word' id='word_1_196' title='bbox 763 2364 898 2439; x_wconf 71' lang='lat' dir='ltr'>qualitas</span> <span class='ocrx_word' id='word_1_197' title='bbox 932 2389 1031 2443; x_wconf 84' lang='lat' dir='ltr'>quam</span> <span class='ocrx_word' id='word_1_198' title='bbox 1056 2373 1090 2432; x_wconf 91' lang='lat' dir='ltr'>in</span> <span class='ocrx_word' id='word_1_199' title='bbox 1112 2395 1150 2444; x_wconf 89' lang='lat' dir='ltr'>eo,</span> <span class='ocrx_word' id='word_1_200' title='bbox 1169 2371 1201 2447; x_wconf 78' lang='lat' dir='ltr'>qul</span> 
     </span>
     <span class='ocr_line' id='line_1_26' title="bbox 127 2446 1202 2524; baseline 0.007 -21"><span class='ocrx_word' id='word_1_201' title='bbox 127 2447 275 2522; x_wconf 91' lang='lat' dir='ltr'>conspicit,</span> <span class='ocrx_word' id='word_1_202' title='bbox 305 2449 431 2505; x_wconf 85' lang='lat' dir='ltr'>offectus.</span> <span class='ocrx_word' id='word_1_203' title='bbox 455 2447 484 2504; x_wconf 81' lang='lat' dir='ltr'>si</span> <span class='ocrx_word' id='word_1_204' title='bbox 505 2446 597 2504; x_wconf 88' lang='lat' dir='ltr'>nostri</span> <span class='ocrx_word' id='word_1_205' title='bbox 618 2446 691 2503; x_wconf 90' lang='lat' dir='ltr'>oculi</span> <span class='ocrx_word' id='word_1_206' title='bbox 712 2449 809 2503; x_wconf 87' lang='lat' dir='ltr'>essent</span> <span class='ocrx_word' id='word_1_207' title='bbox 829 2446 878 2502; x_wconf 89' lang='lat' dir='ltr'>vel</span> <span class='ocrx_word' id='word_1_208' title='bbox 899 2447 1067 2524; x_wconf 84' lang='lat' dir='ltr'>longiores</span> <span class='ocrx_word' id='word_1_209' title='bbox 1090 2455 1136 2512; x_wconf 93' lang='lat' dir='ltr'>vel</span> <span class='ocrx_word' id='word_1_210' title='bbox 1155 2457 1202 2511; x_wconf 83' lang='lat' dir='ltr'>bre</span> 
     </span>
     <span class='ocr_line' id='line_1_27' title="bbox 127 2526 1202 2609; baseline 0.007 -27"><span class='ocrx_word' id='word_1_211' title='bbox 127 2526 230 2597; x_wconf 88' lang='lat' dir='ltr'>viores,</span> <span class='ocrx_word' id='word_1_212' title='bbox 254 2532 304 2584; x_wconf 88' lang='lat' dir='ltr'>aut</span> <span class='ocrx_word' id='word_1_213' title='bbox 325 2533 455 2584; x_wconf 90' lang='lat' dir='ltr'>nostrum</span> <span class='ocrx_word' id='word_1_214' title='bbox 477 2527 561 2584; x_wconf 81' lang='lat' dir='ltr'>aliter</span> <span class='ocrx_word' id='word_1_215' title='bbox 581 2546 612 2583; x_wconf 88' lang='lat' dir='ltr'>se</span> <span class='ocrx_word' id='word_1_216' title='bbox 633 2528 753 2583; x_wconf 88' lang='lat' dir='ltr'>haberet</span> <span class='ocrx_word' id='word_1_217' title='bbox 774 2529 1064 2604; x_wconf 88' lang='lat' dir='ltr'>temperamentum,</span> <span class='ocrx_word' id='word_1_218' title='bbox 1090 2555 1133 2605; x_wconf 86' lang='lat' dir='ltr'>ea,</span> <span class='ocrx_word' id='word_1_219' title='bbox 1156 2552 1202 2609; x_wconf 82' lang='lat' dir='ltr'>qua</span> 
     </span>
     <span class='ocr_line' id='line_1_28' title="bbox 127 2606 1203 2690; baseline 0.007 -29"><span class='ocrx_word' id='word_1_220' title='bbox 127 2625 204 2662; x_wconf 90' lang='lat' dir='ltr'>nunc</span> <span class='ocrx_word' id='word_1_221' title='bbox 235 2607 364 2679; x_wconf 88' lang='lat' dir='ltr'>pulchra,</span> <span class='ocrx_word' id='word_1_222' title='bbox 397 2606 544 2672; x_wconf 86' lang='lat' dir='ltr'>deformia,</span> <span class='ocrx_word' id='word_1_223' title='bbox 567 2626 601 2664; x_wconf 90' lang='lat' dir='ltr'>ea</span> <span class='ocrx_word' id='word_1_224' title='bbox 622 2627 699 2678; x_wconf 90' lang='lat' dir='ltr'>vero,</span> <span class='ocrx_word' id='word_1_225' title='bbox 722 2625 786 2680; x_wconf 87' lang='lat' dir='ltr'>quae</span> <span class='ocrx_word' id='word_1_226' title='bbox 808 2625 887 2662; x_wconf 89' lang='lat' dir='ltr'>nunc</span> <span class='ocrx_word' id='word_1_227' title='bbox 909 2607 1078 2684; x_wconf 87' lang='lat' dir='ltr'>deformia,</span> <span class='ocrx_word' id='word_1_228' title='bbox 1102 2615 1203 2690; x_wconf 87' lang='lat' dir='ltr'>pulchra</span> 
     </span>
     <span class='ocr_line' id='line_1_29' title="bbox 127 2684 1204 2769; baseline 0.008 -28"><span class='ocrx_word' id='word_1_229' title='bbox 127 2684 210 2741; x_wconf 90' lang='lat' dir='ltr'>nobis</span> <span class='ocrx_word' id='word_1_230' title='bbox 242 2690 424 2759; x_wconf 88' lang='lat' dir='ltr'>apparerent.</span> <span class='ocrx_word' id='word_1_231' title='bbox 456 2686 654 2744; x_wconf 86' lang='lat' dir='ltr'>Pulcherrima</span> <span class='ocrx_word' id='word_1_232' title='bbox 685 2705 794 2753; x_wconf 73' lang='lat' dir='ltr'>manus</span> <span class='ocrx_word' id='word_1_233' title='bbox 820 2704 872 2759; x_wconf 90' lang='lat' dir='ltr'>per</span> <span class='ocrx_word' id='word_1_234' title='bbox 894 2687 1137 2769; x_wconf 89' lang='lat' dir='ltr'>microscopium</span> <span class='ocrx_word' id='word_1_235' title='bbox 1156 2714 1204 2751; x_wconf 90' lang='lat' dir='ltr'>con-</span> 
     </span>
     <span class='ocr_line' id='line_1_30' title="bbox 128 2764 1206 2846; baseline 0.006 -24"><span class='ocrx_word' id='word_1_236' title='bbox 128 2769 234 2839; x_wconf 89' lang='lat' dir='ltr'>specta,</span> <span class='ocrx_word' id='word_1_237' title='bbox 264 2764 401 2822; x_wconf 90' lang='lat' dir='ltr'>terribilis</span> <span class='ocrx_word' id='word_1_238' title='bbox 432 2767 591 2839; x_wconf 86' lang='lat' dir='ltr'>apparebit.</span> <span class='ocrx_word' id='word_1_239' title='bbox 618 2768 756 2835; x_wconf 69' lang='lat' dir='ltr'>Quaedam</span> <span class='ocrx_word' id='word_1_240' title='bbox 777 2765 876 2840; x_wconf 92' lang='lat' dir='ltr'>procul</span> <span class='ocrx_word' id='word_1_241' title='bbox 898 2766 967 2826; x_wconf 89' lang='lat' dir='ltr'>visa</span> <span class='ocrx_word' id='word_1_242' title='bbox 990 2775 1135 2846; x_wconf 87' lang='lat' dir='ltr'>pulchra,</span> <span class='ocrx_word' id='word_1_243' title='bbox 1156 2781 1206 2831; x_wconf 88' lang='lat' dir='ltr'>ete</span> 
     </span>
     <span class='ocr_line' id='line_1_31' title="bbox 128 2844 1208 2931; baseline 0.015 -30"><span class='ocrx_word' id='word_1_244' title='bbox 128 2844 288 2919; x_wconf 88' lang='lat' dir='ltr'>propinquo</span> <span class='ocrx_word' id='word_1_245' title='bbox 311 2850 474 2920; x_wconf 86' lang='lat' dir='ltr'>conspecta,</span> <span class='ocrx_word' id='word_1_246' title='bbox 497 2846 635 2904; x_wconf 86' lang='lat' dir='ltr'>deformia</span> <span class='ocrx_word' id='word_1_247' title='bbox 657 2852 739 2904; x_wconf 86' lang='lat' dir='ltr'>sunt:</span> <span class='ocrx_word' id='word_1_248' title='bbox 761 2847 831 2903; x_wconf 88' lang='lat' dir='ltr'>adeo</span> <span class='ocrx_word' id='word_1_249' title='bbox 846 2850 878 2903; x_wconf 94' lang='lat' dir='ltr'>ut</span> <span class='ocrx_word' id='word_1_250' title='bbox 893 2866 952 2918; x_wconf 79' lang='lat' dir='ltr'>reS,</span> <span class='ocrx_word' id='word_1_251' title='bbox 970 2849 1005 2908; x_wconf 90' lang='lat' dir='ltr'>in</span> <span class='ocrx_word' id='word_1_252' title='bbox 1021 2873 1056 2911; x_wconf 91' lang='lat' dir='ltr'>se</span> <span class='ocrx_word' id='word_1_253' title='bbox 1073 2860 1208 2931; x_wconf 80' lang='lat' dir='ltr'>spectate,</span> 
     </span>
     <span class='ocr_line' id='line_1_32' title="bbox 128 2926 1208 3009; baseline 0.015 -27"><span class='ocrx_word' id='word_1_254' title='bbox 128 2926 175 2983; x_wconf 90' lang='lat' dir='ltr'>vel</span> <span class='ocrx_word' id='word_1_255' title='bbox 208 2926 242 2982; x_wconf 89' lang='lat' dir='ltr'>ad</span> <span class='ocrx_word' id='word_1_256' title='bbox 272 2927 363 2982; x_wconf 88' lang='lat' dir='ltr'>Deum</span> <span class='ocrx_word' id='word_1_257' title='bbox 386 2926 496 2996; x_wconf 69' lang='lat' dir='ltr'>relatae,</span> <span class='ocrx_word' id='word_1_258' title='bbox 519 2947 571 2984; x_wconf 90' lang='lat' dir='ltr'>nec</span> <span class='ocrx_word' id='word_1_259' title='bbox 592 2928 720 3002; x_wconf 87' lang='lat' dir='ltr'>pulchrae</span> <span class='ocrx_word' id='word_1_260' title='bbox 743 2946 795 2983; x_wconf 90' lang='lat' dir='ltr'>nec</span> <span class='ocrx_word' id='word_1_261' title='bbox 816 2927 963 2985; x_wconf 85' lang='lat' dir='ltr'>deformes</span> <span class='ocrx_word' id='word_1_262' title='bbox 989 2932 1065 2992; x_wconf 89' lang='lat' dir='ltr'>sint.</span> <span class='ocrx_word' id='word_1_263' title='bbox 1092 2936 1123 2993; x_wconf 89' lang='lat' dir='ltr'>ls</span> <span class='ocrx_word' id='word_1_264' title='bbox 1145 2954 1208 3009; x_wconf 80' lang='lat' dir='ltr'>ergo.</span> 
     </span>
     <span class='ocr_line' id='line_1_33' title="bbox 129 3005 1209 3081; baseline 0.006 -17"><span class='ocrx_word' id='word_1_265' title='bbox 129 3006 178 3080; x_wconf 93' lang='lat' dir='ltr'>qui</span> <span class='ocrx_word' id='word_1_266' title='bbox 199 3005 249 3074; x_wconf 88' lang='lat' dir='ltr'>ait,</span> <span class='ocrx_word' id='word_1_267' title='bbox 272 3007 366 3062; x_wconf 89' lang='lat' dir='ltr'>Deum</span> <span class='ocrx_word' id='word_1_268' title='bbox 388 3008 534 3076; x_wconf 89' lang='lat' dir='ltr'>mundum,</span> <span class='ocrx_word' id='word_1_269' title='bbox 558 3012 590 3064; x_wconf 92' lang='lat' dir='ltr'>ut</span> <span class='ocrx_word' id='word_1_270' title='bbox 611 3008 730 3081; x_wconf 90' lang='lat' dir='ltr'>pulcher</span> <span class='ocrx_word' id='word_1_271' title='bbox 750 3011 834 3076; x_wconf 88' lang='lat' dir='ltr'>esset,</span> <span class='ocrx_word' id='word_1_272' title='bbox 858 3025 985 3080; x_wconf 86' lang='lat' dir='ltr'>creasse,</span> <span class='ocrx_word' id='word_1_273' title='bbox 1012 3013 1126 3073; x_wconf 91' lang='lat' dir='ltr'>horum</span> <span class='ocrx_word' id='word_1_274' title='bbox 1140 3017 1209 3074; x_wconf 87' lang='lat' dir='ltr'>alter·</span> 
     </span>
    </p>
   </div>
   <div class='ocr_carea' id='block_1_3' title="bbox 1176 796 1184 1379">
    <p class='ocr_par' dir='ltr' id='par_1_5' title="bbox 1176 796 1184 1379">
     <span class='ocr_line' id='line_1_34' title="bbox 1176 796 1184 1379; baseline 0 0"><span class='ocrx_word' id='word_1_275' title='bbox 1176 796 1184 1379; x_wconf 95' lang='lat' dir='ltr'> </span> 
     </span>
    </p>
   </div>
   <div class='ocr_carea' id='block_1_4' title="bbox 1174 796 1187 1619">
    <p class='ocr_par' dir='ltr' id='par_1_6' title="bbox 1174 796 1187 1619">
     <span class='ocr_line' id='line_1_35' title="bbox 1174 796 1187 1619; baseline 0 0"><span class='ocrx_word' id='word_1_276' title='bbox 1174 796 1187 1619; x_wconf 95' lang='lat' dir='ltr'> </span> 
     </span>
    </p>
   </div>
   <div class='ocr_carea' id='block_1_5' title="bbox 126 3086 1215 3893">
    <p class='ocr_par' dir='ltr' id='par_1_7' title="bbox 126 3086 1215 3893">
     <span class='ocr_line' id='line_1_36' title="bbox 129 3086 1211 3161; baseline 0.005 -18"><span class='ocrx_word' id='word_1_277' title='bbox 129 3093 225 3143; x_wconf 91' lang='lat' dir='ltr'>utrum</span> <span class='ocrx_word' id='word_1_278' title='bbox 257 3086 418 3143; x_wconf 87' lang='lat' dir='ltr'>necessario</span> <span class='ocrx_word' id='word_1_279' title='bbox 452 3092 580 3145; x_wconf 87' lang='lat' dir='ltr'>statuere</span> <span class='ocrx_word' id='word_1_280' title='bbox 613 3088 711 3144; x_wconf 91' lang='lat' dir='ltr'>debet:</span> <span class='ocrx_word' id='word_1_281' title='bbox 745 3106 847 3161; x_wconf 90' lang='lat' dir='ltr'>nempe</span> <span class='ocrx_word' id='word_1_282' title='bbox 874 3086 930 3156; x_wconf 90' lang='lat' dir='ltr'>vel,</span> <span class='ocrx_word' id='word_1_283' title='bbox 953 3088 1058 3150; x_wconf 89' lang='lat' dir='ltr'>Deum</span> <span class='ocrx_word' id='word_1_284' title='bbox 1084 3097 1211 3154; x_wconf 85' lang='lat' dir='ltr'>mundun</span> 
     </span>
     <span class='ocr_line' id='line_1_37' title="bbox 129 3167 1212 3241; baseline 0.006 -18"><span class='ocrx_word' id='word_1_285' title='bbox 129 3168 165 3224; x_wconf 88' lang='lat' dir='ltr'>ad</span> <span class='ocrx_word' id='word_1_286' title='bbox 197 3167 357 3241; x_wconf 88' lang='lat' dir='ltr'>appetitum</span> <span class='ocrx_word' id='word_1_287' title='bbox 391 3172 420 3224; x_wconf 93' lang='lat' dir='ltr'>et</span> <span class='ocrx_word' id='word_1_288' title='bbox 452 3167 597 3224; x_wconf 89' lang='lat' dir='ltr'>hominum</span> <span class='ocrx_word' id='word_1_289' title='bbox 626 3167 731 3236; x_wconf 90' lang='lat' dir='ltr'>oculos,</span> <span class='ocrx_word' id='word_1_290' title='bbox 755 3168 802 3224; x_wconf 90' lang='lat' dir='ltr'>vel</span> <span class='ocrx_word' id='word_1_291' title='bbox 823 3167 988 3240; x_wconf 88' lang='lat' dir='ltr'>appetitum</span> <span class='ocrx_word' id='word_1_292' title='bbox 1013 3178 1045 3230; x_wconf 89' lang='lat' dir='ltr'>et</span> <span class='ocrx_word' id='word_1_293' title='bbox 1070 3176 1212 3235; x_wconf 84' lang='lat' dir='ltr'>hominum</span> 
     </span>
     <span class='ocr_line' id='line_1_38' title="bbox 129 3247 1211 3331; baseline 0.008 -28"><span class='ocrx_word' id='word_1_294' title='bbox 129 3247 226 3304; x_wconf 90' lang='lat' dir='ltr'>oculos</span> <span class='ocrx_word' id='word_1_295' title='bbox 249 3248 284 3304; x_wconf 90' lang='lat' dir='ltr'>ad</span> <span class='ocrx_word' id='word_1_296' title='bbox 311 3248 447 3304; x_wconf 90' lang='lat' dir='ltr'>mundum</span> <span class='ocrx_word' id='word_1_297' title='bbox 470 3247 639 3305; x_wconf 87' lang='lat' dir='ltr'>condidisse.</span> <span class='ocrx_word' id='word_1_298' title='bbox 661 3249 727 3304; x_wconf 79' lang='lat' dir='ltr'>dam</span> <span class='ocrx_word' id='word_1_299' title='bbox 750 3267 828 3317; x_wconf 88' lang='lat' dir='ltr'>vcro,</span> <span class='ocrx_word' id='word_1_300' title='bbox 850 3247 911 3304; x_wconf 86' lang='lat' dir='ltr'>sive</span> <span class='ocrx_word' id='word_1_301' title='bbox 933 3249 1021 3322; x_wconf 91' lang='lat' dir='ltr'>prius</span> <span class='ocrx_word' id='word_1_302' title='bbox 1044 3254 1114 3314; x_wconf 91' lang='lat' dir='ltr'>sive</span> <span class='ocrx_word' id='word_1_303' title='bbox 1129 3261 1211 3331; x_wconf 88' lang='lat' dir='ltr'>post·</span> 
     </span>
     <span class='ocr_line' id='line_1_39' title="bbox 130 3327 1213 3402; baseline 0.007 -19"><span class='ocrx_word' id='word_1_304' title='bbox 130 3327 189 3384; x_wconf 89' lang='lat' dir='ltr'>rius</span> <span class='ocrx_word' id='word_1_305' title='bbox 221 3332 391 3394; x_wconf 70' lang='lat' dir='ltr'>statuamus</span> <span class='ocrx_word' id='word_1_306' title='bbox 424 3348 475 3385; x_wconf 90' lang='lat' dir='ltr'>cur</span> <span class='ocrx_word' id='word_1_307' title='bbox 505 3329 584 3385; x_wconf 91' lang='lat' dir='ltr'>Deus</span> <span class='ocrx_word' id='word_1_308' title='bbox 606 3329 726 3402; x_wconf 81' lang='lat' dir='ltr'>Spectra</span> <span class='ocrx_word' id='word_1_309' title='bbox 747 3332 776 3385; x_wconf 90' lang='lat' dir='ltr'>et</span> <span class='ocrx_word' id='word_1_310' title='bbox 798 3327 922 3402; x_wconf 82' lang='lat' dir='ltr'>Spiritus</span> <span class='ocrx_word' id='word_1_311' title='bbox 944 3348 1050 3390; x_wconf 88' lang='lat' dir='ltr'>creare</span> <span class='ocrx_word' id='word_1_312' title='bbox 1076 3336 1213 3401; x_wconf 86' lang='lat' dir='ltr'>debuerit,</span> 
     </span>
     <span class='ocr_line' id='line_1_40' title="bbox 129 3407 1214 3491; baseline 0.007 -27"><span class='ocrx_word' id='word_1_313' title='bbox 129 3411 161 3464; x_wconf 94' lang='lat' dir='ltr'>ut</span> <span class='ocrx_word' id='word_1_314' title='bbox 182 3408 353 3465; x_wconf 87' lang='lat' dir='ltr'>alterutrum</span> <span class='ocrx_word' id='word_1_315' title='bbox 377 3409 482 3465; x_wconf 90' lang='lat' dir='ltr'>horum</span> <span class='ocrx_word' id='word_1_316' title='bbox 505 3412 737 3482; x_wconf 89' lang='lat' dir='ltr'>consequeretur,</span> <span class='ocrx_word' id='word_1_317' title='bbox 759 3428 817 3465; x_wconf 89' lang='lat' dir='ltr'>non</span> <span class='ocrx_word' id='word_1_318' title='bbox 839 3407 930 3465; x_wconf 91' lang='lat' dir='ltr'>video.</span> <span class='ocrx_word' id='word_1_319' title='bbox 954 3409 1114 3473; x_wconf 89' lang='lat' dir='ltr'>Perfectio</span> <span class='ocrx_word' id='word_1_320' title='bbox 1137 3424 1214 3491; x_wconf 87' lang='lat' dir='ltr'>atque</span> 
     </span>
     <span class='ocr_line' id='line_1_41' title="bbox 128 3488 1214 3562; baseline 0.009 -19"><span class='ocrx_word' id='word_1_321' title='bbox 128 3488 314 3562; x_wconf 79' lang='lat' dir='ltr'>imperfectio</span> <span class='ocrx_word' id='word_1_322' title='bbox 336 3493 404 3546; x_wconf 92' lang='lat' dir='ltr'>sunt</span> <span class='ocrx_word' id='word_1_323' title='bbox 429 3488 683 3559; x_wconf 90' lang='lat' dir='ltr'>denominationes,</span> <span class='ocrx_word' id='word_1_324' title='bbox 707 3508 769 3561; x_wconf 76' lang='lat' dir='ltr'>quae</span> <span class='ocrx_word' id='word_1_325' title='bbox 791 3508 848 3545; x_wconf 92' lang='lat' dir='ltr'>non</span> <span class='ocrx_word' id='word_1_326' title='bbox 869 3488 992 3546; x_wconf 92' lang='lat' dir='ltr'>multum</span> <span class='ocrx_word' id='word_1_327' title='bbox 1008 3511 1028 3548; x_wconf 84' lang='lat' dir='ltr'>a</span> <span class='ocrx_word' id='word_1_328' title='bbox 1043 3494 1214 3555; x_wconf 88' lang='lat' dir='ltr'>denomina-</span> 
     </span>
     <span class='ocr_line' id='line_1_42' title="bbox 128 3567 1214 3648; baseline 0.012 -25"><span class='ocrx_word' id='word_1_329' title='bbox 128 3567 254 3625; x_wconf 90' lang='lat' dir='ltr'>tionibus</span> <span class='ocrx_word' id='word_1_330' title='bbox 284 3568 506 3643; x_wconf 90' lang='lat' dir='ltr'>pulchritudinis</span> <span class='ocrx_word' id='word_1_331' title='bbox 528 3575 556 3625; x_wconf 90' lang='lat' dir='ltr'>et</span> <span class='ocrx_word' id='word_1_332' title='bbox 585 3567 774 3626; x_wconf 85' lang='lat' dir='ltr'>deformitatis</span> <span class='ocrx_word' id='word_1_333' title='bbox 796 3568 940 3626; x_wconf 84' lang='lat' dir='ltr'>differunt.</span> <span class='ocrx_word' id='word_1_334' title='bbox 962 3569 1029 3643; x_wconf 83' lang='lat' dir='ltr'>Ego</span> <span class='ocrx_word' id='word_1_335' title='bbox 1052 3573 1161 3648; x_wconf 87' lang='lat' dir='ltr'>igitur,</span> <span class='ocrx_word' id='word_1_336' title='bbox 1183 3596 1214 3634; x_wconf 85' lang='lat' dir='ltr'>ne</span> 
     </span>
     <span class='ocr_line' id='line_1_43' title="bbox 128 3647 1214 3724; baseline 0.006 -20"><span class='ocrx_word' id='word_1_337' title='bbox 128 3647 212 3704; x_wconf 90' lang='lat' dir='ltr'>nimis</span> <span class='ocrx_word' id='word_1_338' title='bbox 234 3648 286 3706; x_wconf 91' lang='lat' dir='ltr'>sim</span> <span class='ocrx_word' id='word_1_339' title='bbox 301 3649 439 3724; x_wconf 82' lang='lat' dir='ltr'>prolixus,</span> <span class='ocrx_word' id='word_1_340' title='bbox 455 3649 631 3706; x_wconf 88' lang='lat' dir='ltr'>solummodo</span> <span class='ocrx_word' id='word_1_341' title='bbox 645 3648 811 3721; x_wconf 86' lang='lat' dir='ltr'>interrogo,</span> <span class='ocrx_word' id='word_1_342' title='bbox 828 3647 895 3722; x_wconf 88' lang='lat' dir='ltr'>quid</span> <span class='ocrx_word' id='word_1_343' title='bbox 909 3649 1005 3723; x_wconf 85' lang='lat' dir='ltr'>magis</span> <span class='ocrx_word' id='word_1_344' title='bbox 1021 3653 1060 3710; x_wconf 90' lang='lat' dir='ltr'>ad</span> <span class='ocrx_word' id='word_1_345' title='bbox 1077 3664 1214 3716; x_wconf 82' lang='lat' dir='ltr'>ornatum</span> 
     </span>
     <span class='ocr_line' id='line_1_44' title="bbox 127 3729 1215 3806; baseline 0.007 -20"><span class='ocrx_word' id='word_1_346' title='bbox 127 3732 157 3786; x_wconf 90' lang='lat' dir='ltr'>et</span> <span class='ocrx_word' id='word_1_347' title='bbox 178 3729 274 3786; x_wconf 93' lang='lat' dir='ltr'>mundi</span> <span class='ocrx_word' id='word_1_348' title='bbox 296 3729 500 3803; x_wconf 91' lang='lat' dir='ltr'>perfectionem</span> <span class='ocrx_word' id='word_1_349' title='bbox 521 3729 616 3798; x_wconf 87' lang='lat' dir='ltr'>faciat,</span> <span class='ocrx_word' id='word_1_350' title='bbox 639 3748 677 3785; x_wconf 88' lang='lat' dir='ltr'>an</span> <span class='ocrx_word' id='word_1_351' title='bbox 698 3729 771 3802; x_wconf 90' lang='lat' dir='ltr'>quod</span> <span class='ocrx_word' id='word_1_352' title='bbox 803 3729 931 3802; x_wconf 84' lang='lat' dir='ltr'>Spectra,</span> <span class='ocrx_word' id='word_1_353' title='bbox 954 3749 991 3786; x_wconf 88' lang='lat' dir='ltr'>an</span> <span class='ocrx_word' id='word_1_354' title='bbox 1015 3736 1099 3806; x_wconf 90' lang='lat' dir='ltr'>quod</span> <span class='ocrx_word' id='word_1_355' title='bbox 1124 3738 1215 3796; x_wconf 90' lang='lat' dir='ltr'>multi·</span> 
     </span>
     <span class='ocr_line' id='line_1_45' title="bbox 126 3808 1204 3893; baseline 0.005 -27"><span class='ocrx_word' id='word_1_356' title='bbox 126 3809 212 3884; x_wconf 90' lang='lat' dir='ltr'>plicia</span> <span class='ocrx_word' id='word_1_357' title='bbox 242 3810 346 3867; x_wconf 89' lang='lat' dir='ltr'>dentur</span> <span class='ocrx_word' id='word_1_358' title='bbox 375 3815 512 3879; x_wconf 87' lang='lat' dir='ltr'>monstra,</span> <span class='ocrx_word' id='word_1_359' title='bbox 544 3814 577 3867; x_wconf 95' lang='lat' dir='ltr'>ut</span> <span class='ocrx_word' id='word_1_360' title='bbox 604 3808 749 3879; x_wconf 75' lang='lat' dir='ltr'>Centauri,</span> <span class='ocrx_word' id='word_1_361' title='bbox 771 3809 891 3883; x_wconf 87' lang='lat' dir='ltr'>Hydrae,</span> <span class='ocrx_word' id='word_1_362' title='bbox 914 3809 1066 3884; x_wconf 87' lang='lat' dir='ltr'>Harpyiae,</span> <span class='ocrx_word' id='word_1_363' title='bbox 1092 3816 1204 3893; x_wconf 76' lang='lat' dir='ltr'>Satyri,</span> 
     </span>
    </p>
   </div>
   <div class='ocr_carea' id='block_1_6' title="bbox 0 0 1345 4298">
    <p class='ocr_par' dir='ltr' id='par_1_8' title="bbox 0 0 1345 4298">
     <span class='ocr_line' id='line_1_46' title="bbox 0 0 1345 4298; baseline 0 0"><span class='ocrx_word' id='word_1_364' title='bbox 0 0 1345 4298; x_wconf 95' lang='lat' dir='ltr'> </span> 
     </span>
    </p>
   </div>
  </div>
 </body>
</html>
