2662 4298
413 346 739 391 ruuoLooroo‘roummr.
761 350 826 392 oar.
848 350 913 389 xm.
1141 334 1218 411 105Ι

131 519 169 573 ut
196 517 262 574 um*
292 517 380 574 Pater
410 523 477 575 torua
504 518 618 593 quidem
640 518 759 574 comedit
780 523 805 574 et
825 516 901 586 bibit,
923 523 947 574 ct
966 511 1038 590 fecii
1049 519 1198 592 judicium

131 605 155 654 et
175 598 328 669 justitium,
350 604 411 654 tum
431 599 457 654 ei
477 597 542 655 bene
555 596 626 667 fuit3
634 598 1196 672 judicavitjuspauperiaetiudicialis,

131 684 192 735 tum
213 679 270 750 ipsi
290 677 356 734 beuc
375 675 446 748 fuit3
467 697 536 734 uam
557 676 617 734 NB.
639 677 1196 752 1111111111191111111,1111ιᾶ11111.

130 757 190 814 Nec
221 755 317 814 minus
337 757 416 814 clara
436 761 514 832 sunt,
536 776 599 832 quae
620 757 764 814 habentur
785 775 847 831 cap.
869 757 897 813 9.
919 776 962 815 vs.
984 757 1032 816 23.
1046 760 1070 828 *,
1094 777 1197 834 nempe

131 877 208 942 nur
223 877 291 935 um
307 877 354 935 m
378 877 406 933 u
428 877 499 935 111
519 877 596 943 mur
619 847 710 935 brun
731 846 861 934 'ubuum
883 846 977 935 aas
998 878 1077 936 111
1099 880 1198 960 111

130 985 198 1041 mu
219 984 277 1041 ura
299 974 398 1043 *urm
419 956 506 1042 1111
527 984 556 1040 u
580 984 666 1066 pur
688 985 783 1066 upum
804 985 899 1042 auru
922 984 988 1040 auu
1014 987 1062 1043 ua
1089 987 1120 1043 u
1147 987 1198 1044 ua

129 1096 244 1148 tautum
263 1093 401 1166 plorietur
421 1094 626 1167 unusquisque,
648 1110 692 1148 me
711 1092 864 1166 iutelliqcre
885 1098 910 1148 et
931 1109 1100 1166 copuosccre,
1121 1094 1197 1168 quod

130 1190 178 1244 epo
209 1171 316 1229 Jeuua
346 1173 425 1245 facio
456 1172 631 1242 charitatem,
657 1172 815 1241 judicium,
847 1178 873 1228 et
885 1173 1034 1246 justitiam
1054 1175 1086 1229 iu
1106 1179 1195 1241 terra,

129 1270 200 1308 uum
225 1252 271 1308 bis
290 1252 418 1322 delector,
439 1253 480 1309 uit
502 1250 618 1309 debono.
641 1249 792 1324 Colligitur
812 1251 867 1308 hoc
888 1250 975 1308 etiam
996 1255 1138 1326 praeterea
1159 1271 1196 1310 ex

129 1329 225 1388 Exodi
245 1349 307 1407 cap.
330 1331 377 1389 34.
399 1351 442 1390 vs.
464 1333 492 1402 6,
509 1333 545 1402 7.,
560 1331 609 1389 ubi
623 1331 702 1388 Deus
715 1329 800 1402 Mosi,
816 1330 942 1405 cupienti
952 1330 1044 1406 ipsum
1056 1330 1154 1389 videre
1165 1336 1196 1390 et

130 1416 260 1481 noscere,
274 1411 354 1469 nulla
368 1410 424 1469 alia
438 1410 579 1470 attributa
592 1411 712 1482 revelat,
728 1430 814 1486 quam
828 1430 893 1486 quae
909 1410 1034 1469 divinam
1046 1411 1065 1469 J
1067 1410 1195 1470 ustitiam
1239 1437 1243 1442 ·

130 1495 160 1548 et
182 1489 360 1549 charitatem
381 1491 535 1567 explicant.
558 1491 689 1566 Denique
709 1491 779 1549 illud
790 1489 942 1560 Jobannis,
954 1492 989 1549 de
1000 1510 1056 1567 quo
1067 1491 1154 1549 etiam
1164 1491 1195 1550 in

130 1571 328 1646 sequentibus,
350 1569 546 1647 apprime⁰bic
559 1572 717 1630 notandum
731 1571 827 1643 venit;
846 1571 895 1646 qui
905 1571 1022 1641 scilicet,
1034 1570 1101 1647 quia
1111 1591 1195 1630 nemo

128 1652 224 1708 Deum
235 1651 316 1722 vidit,
331 1653 423 1710 Deum
430 1671 482 1727 per
492 1652 581 1710 solam
590 1651 760 1710 charitatem
767 1650 901 1727 explicat,
913 1651 1121 1727 concluditque,
1129 1671 1193 1711 eum

130 1750 236 1789 revera
256 1732 349 1789 Deum
368 1733 476 1790 habere
497 1736 527 1790 et
546 1743 673 1802 noscere,
695 1731 744 1807 qui
764 1731 934 1790 charitatem
948 1731 1045 1790 habet.
1057 1732 1194 1806 Videmus

130 1811 241 1886 itaque,
273 1811 437 1883 Jeremiam,
468 1813 579 1883 Mosen,
610 1812 774 1870 Jobannem
805 1811 858 1870 Dei
886 1811 1088 1887 cognitionem,
1110 1832 1196 1888 quam

129 1890 327 1967 unusquisque
358 1891 431 1950 scire
461 1897 587 1962 tenatur,
619 1892 718 1968 paucis
751 1893 1001 1968 comprehendere,
1027 1912 1146 1968 eamque
1166 1893 1196 1951 in

128 1973 186 2030 hoc
217 1972 286 2045 solo,
312 1976 345 2030 ut
364 1973 540 2043 volebamus,
562 1992 685 2048 ponere;
707 1974 781 2047 quod
803 1972 912 2031 scilicet
931 1973 1010 2031 Deus
1031 1972 1068 2030 sit
1088 1992 1198 2031 summe

127 2053 227 2127 justus
257 2057 287 2110 et
310 2072 419 2110 summe
439 2052 609 2125 misericors,
631 2052 693 2111 sive
714 2052 830 2111 unicum
851 2073 927 2112 verae
948 2051 1017 2110 vitae
1040 2053 1195 2128 exemplar.

128 2132 185 2190 His
218 2131 336 2204 accedit,
369 2133 443 2208 quod
476 2133 623 2209 Scriptura
644 2133 752 2191 nullam
773 2132 827 2191 Dei
847 2132 1041 2190 definitionem
1062 2152 1197 2208 expresse

128 2211 230 2283 tradit,
262 2231 316 2270 nec
347 2213 404 2270 alia
435 2213 489 2271 Dei
510 2213 651 2271 attributa
672 2213 870 2288 amplectenda
890 2217 995 2288 praeter
1015 2213 1099 2270 modo
1120 2213 1198 2271 dicta

127 2291 308 2368 praescribat,
340 2313 393 2351 nee
424 2313 462 2351 ex
493 2295 631 2369 professo,
664 2298 697 2351 ut
724 2294 797 2362 haec,
819 2293 1007 2351 commendet.
1028 2292 1072 2350 Ex
1093 2292 1196 2368 quibus

126 2372 262 2431 omnibus
284 2372 487 2443 concludimus
508 2373 731 2432 intellectualem
752 2373 807 2430 Dei
827 2372 1030 2448 cognitionem,
1052 2391 1115 2447 quae
1134 2373 1197 2448 ejus

128 2456 266 2510 naturam
287 2458 373 2528 prout
392 2453 422 2511 in
443 2473 474 2512 se
495 2459 540 2512 est
561 2453 732 2527 considerat,
755 2457 784 2512 et
806 2473 892 2528 quam
913 2457 1046 2511 naturam
1067 2452 1197 2512 homines

128 2537 211 2591 certa
222 2532 340 2591 vivendi
351 2533 463 2592 ratione
473 2533 581 2592 imitari
587 2554 646 2592 non
652 2539 782 2610 possunt,
790 2552 882 2609 neque
890 2538 1027 2609 tanquam
1035 2534 1195 2609 exemplum

128 2631 245 2671 sumere
276 2613 311 2670 ad
343 2633 441 2672 veram
466 2614 583 2673 vivendi
603 2614 746 2673 rationem
765 2613 981 2686 instituendam,
1003 2614 1039 2672 ad
1060 2614 1144 2672 fidem
1167 2619 1196 2673 et

129 2692 300 2768 religionem
331 2695 489 2752 revelatam
521 2695 599 2753 nullo
631 2695 715 2753 modo
746 2694 899 2771 pertinere,
932 2699 961 2753 et
988 2699 1197 2769 consequenter

128 2772 262 2833 homines
283 2773 358 2831 circa
378 2775 455 2833 hanc
475 2774 537 2832 sine
558 2775 665 2833 scelere
686 2779 747 2834 toto
769 2775 839 2834 coelo
861 2794 959 2833 errare
973 2794 1066 2850 posse.
1078 2774 1196 2833 Minime

128 2853 228 2927 itaque
253 2852 364 2925 mirum,
386 2855 461 2928 quod
483 2855 564 2929 Deus,
582 2875 645 2913 sese
665 2854 920 2930 imaginationibus
940 2859 970 2913 et
990 2855 1196 2930 praeconceptis

127 2934 343 3009 Prophetarum
354 2934 535 3010 opinionibus
543 2935 811 3005 accommodaverit,
821 2935 954 3010 quodque
961 2935 1060 2993 fideles
1067 2935 1195 2993 diversas

128 3014 165 3072 de
196 3014 259 3071 Deo
291 3014 417 3073 foverint
449 3015 617 3085 sententias,
650 3020 683 3073 ut
713 3015 743 3073 in
775 3015 843 3090 Gap.
876 3016 903 3072 2.
936 3014 1033 3072 multis
1057 3015 1196 3090 exemplis

127 3093 316 3152 ostendimus.
338 3094 449 3153 Deinde
470 3095 585 3154 minime
606 3095 693 3153 etiam
714 3095 826 3163 mirum,
848 3095 923 3168 quod
945 3114 1028 3153 sacra
1049 3095 1195 3153 volumina

127 3173 234 3248 ubique
267 3174 338 3232 adeo
362 3174 517 3251 improprie
538 3177 573 3235 de
593 3177 654 3234 Deo
675 3177 839 3251 loquantur,
861 3174 945 3250 eique
965 3194 1076 3243 manus,
1098 3175 1193 3251 podes,

127 3255 236 3324 oculos,
259 3274 352 3324 aures,
373 3260 508 3328 mentem,
523 3261 560 3315 11
579 3261 689 3314 motum
708 3257 827 3314 localem
848 3254 987 3323 tribuant,
1010 3259 1039 3312 et
1054 3260 1195 3330 praeterea

127 3333 217 3392 etiam
238 3334 326 3392 animi
347 3336 559 3409 commotiones,
581 3341 614 3394 ut
635 3337 711 3412 quod
730 3336 768 3394 sit
778 3336 937 3411 zelotypae,
948 3334 1117 3405 misericors,
1129 3339 1193 3404 etc,

128 3419 163 3472 et
180 3415 256 3489 quod
278 3415 399 3490 denique
420 3416 512 3492 ipsum
534 3416 693 3493 depingant
714 3421 851 3491 tanquam
872 3414 1013 3482 iudicem,
1036 3419 1065 3472 et
1076 3414 1106 3472 in
1116 3414 1198 3473 coelis

128 3499 268 3570 tanquam
289 3495 318 3552 in
340 3496 411 3554 solio
432 3497 513 3572 regio
534 3498 692 3568 sedentem,
707 3501 736 3554 et
747 3495 892 3555 Christum
904 3496 940 3554 ad
950 3495 1041 3571 ipsius
1052 3495 1192 3553 dextram.

128 3575 302 3650 Loquuntur
334 3576 467 3635 nimirum
500 3579 656 3637 secundum
687 3582 801 3652 captum
827 3576 917 3652 vulgi,
939 3596 1024 3652 quem
1046 3575 1193 3651 Scriptura

293 3703 338 3710 .—

160 3752 233 3798 *im
250 3753 303 3798 Pr.:
321 3753 358 3798 21¹.

159 3813 420 3875 ”fflmmffl
