2662 4298
90 379 98 390 ⁶
124 305 184 362 424
518 322 653 361 sersaoni
676 323 802 362 nxxvrn.

124 490 275 566 apparuit;
307 489 337 547 in
368 509 424 564 quo
452 494 559 560 tamen,
588 490 670 548 salva
697 489 855 564 Euangelii
879 490 1047 562 doctrina,
1071 496 1220 566 potuerunt

125 570 226 646 decipi,
255 575 288 629 ut
315 569 379 628 aliis
406 568 492 628 etiam
514 569 669 645 Prophetis
689 569 820 644 contigit,
848 570 942 646 cujus
966 571 1018 629 rei
1041 574 1220 648 exemplam

124 649 355 726 praecedentibus
382 650 457 709 dedi.
484 651 526 708 At
556 650 674 718 Paulus,
705 649 752 707 cui
782 649 875 709 etiam
910 651 1068 710 Christus
1089 658 1220 728 postea*

126 730 270 806 apparuit,
299 729 449 805 gloriatur,
478 731 554 805 quod
582 729 728 789 Christum
749 750 807 788 non
828 732 1011 790 secundum
1035 753 1158 792 carnem
1177 735 1220 792 sed

126 811 283 869 secundum
304 810 435 886 spiritum
457 810 580 868 noverit.

159 890 247 950 [Addit
271 891 314 936 G.:
343 892 400 948 Pro
428 889 568 965 Catalogo
595 890 733 948 librorum
761 889 941 948 nobilissimi
976 892 1107 950 Domini
1135 893 1220 968 Boylii

125 970 265 1028 maximas
297 990 352 1045 ago
375 969 494 1045 gratias.
518 971 648 1046 Denique
669 971 704 1028 R.
727 969 885 1028 Societatis
908 973 1089 1045 praesentia
1111 973 1220 1048 negotia

126 1051 195 1109 data
226 1051 376 1109 occasione
407 1070 444 1108 ex
472 1056 501 1109 te
522 1051 596 1109 scire
616 1051 760 1126 expecto]
782 1050 868 1119 Vale,
893 1051 954 1109 Vir
979 1053 1177 1129 amplissime,
1196 1059 1221 1112 et

125 1150 171 1189 me
192 1130 269 1188 omni
291 1130 386 1189 studio
408 1136 495 1206 atque
516 1131 622 1189 affectu
642 1137 724 1189 tuum
745 1149 807 1188 esse
828 1131 930 1188 crede.

157 1290 248 1349 [Hogae
265 1291 401 1351 Comitum,
419 1293 431 1336 7
448 1292 509 1337 Feb.
528 1291 604 1347 leta]

476 1619 850 1705 EsrsronaLXXlX.

533 1753 699 1811 Clarissimo
726 1753 795 1810 Viro

408 1885 483 1943 Dori.
516 1886 684 1943 Bnnnmoro
717 1905 754 1943 ne
787 1885 916 1943 Serross

436 2019 573 2078 HENR.
597 2017 894 2077 OLDENBURG

619 2151 647 2209 S.
669 2152 702 2210 P.

438 2286 594 2359 Responsio
615 2287 654 2342 ad
670 2288 886 2360 precedentem.

158 2438 196 2482 Ex
214 2437 372 2495 autographo
390 2436 628 2482 Amstelodamensi.

166 2571 201 2628 In
231 2570 394 2627 novissimis
419 2570 477 2629 tuis
504 2572 519 2627 7
548 2571 633 2627 Febr.
662 2571 697 2627 ad
727 2589 772 2627 me
800 2568 929 2627 exaratis
951 2579 1124 2645 supersunt
1147 2596 1215 2632 non·

127 2650 215 2718 nulla,
235 2670 300 2724 quae
323 2650 487 2708 stricturam
509 2649 614 2708 mereri
636 2650 780 2707 videntur.
803 2648 864 2720 Ais,
888 2649 971 2723 queri
982 2651 1144 2712 hominem
1157 2675 1213 2713 non

127 2749 221 2806 posse,
242 2730 318 2804 quod
341 2729 420 2787 Deus
442 2730 496 2805 ipsi
514 2750 612 2788 veram
633 2730 678 2788 sui
699 2729 902 2804 cognitionem,
924 2735 954 2787 et
969 2732 1164 2792 sufficientes
1178 2736 1211 2792 ad

127 2815 248 2885 peccata
280 2809 399 2866 vitanda
430 2811 515 2881 vires,
548 2809 708 2885 negaverit,
741 2830 805 2868 cum
837 2814 951 2867 naturae
984 2812 1140 2888 cujusque
1172 2815 1211 2872 rei

128 2889 199 2948 nihil
231 2889 308 2948 aliud
340 2896 493 2964 competat,
527 2912 612 2966 quam
645 2892 720 2966 quod
753 2911 790 2948 ex
822 2910 910 2947 causa
940 2890 1004 2965 ejus
1038 2895 1210 2952 necessario

128 2970 268 3046 sequitur.
297 2971 339 3028 At
367 2969 429 3027 dico
458 2972 529 3045 Ego,
560 2971 791 3046 quandoquidem
813 2972 891 3027 Debs
913 2975 1030 3028 creator
1053 2974 1209 3032 hominum

128 3051 206 3126 ipsos
232 3053 268 3109 ad
297 3070 378 3108 suam
406 3050 561 3125 imaginem
584 3051 760 3122 formaverit,
783 3071 847 3125 quae
869 3049 1044 3125 sapientiam
1067 3060 1100 3110 et
1124 3055 1208 3112 boni·

129 3136 218 3189 tatem
240 3137 270 3189 et
291 3130 451 3206 potentiam
473 3132 502 3188 in
524 3137 665 3207 conceptu
686 3151 739 3190 suo
760 3131 876 3189 videtur
895 3130 1057 3205 implicare,
1081 3135 1205 3192 omnino

129 3211 211 3288 sequi
233 3212 361 3280 videtur:
378 3210 471 3284 magis
491 3212 521 3268 in
543 3216 686 3286 potestate
708 3211 831 3269 hominis
852 3231 923 3281 esse,
946 3211 1077 3268 Mentem
1102 3234 1207 3272 sanam

129 3312 213 3367 quam
243 3312 346 3366 corpus
371 3311 472 3349 sanum
501 3292 617 3364 habere,
647 3313 710 3350 cnm
737 3292 858 3367 physica
886 3290 1020 3365 Corporis
1050 3294 1207 3352 sanitasa

129 3372 277 3448 principiis
302 3372 484 3443 mechanicis,
507 3372 618 3431 sanitas
639 3393 707 3430 vero
729 3372 837 3430 Mentis
859 3392 876 3429 a
897 3368 1060 3437 προαιρέσει
1083 3378 1116 3430 et
1139 3396 1205 3432 eon·

128 3452 192 3511 silio
218 3453 369 3527 dependat.
392 3452 558 3528 Subjungis,
580 3473 664 3528 posse
687 3453 817 3510 homines
839 3471 902 3510 esse
924 3450 1152 3525 inexcusabiles
1178 3462 1206 3513 et

128 3538 225 3591 tamen
246 3532 344 3590 multis
365 3533 455 3590 modis
478 3533 608 3592 cruciari.
631 3534 695 3591 Hoc
710 3535 812 3591 durum
825 3532 917 3607 primo
929 3537 1049 3604 aspectu
1062 3532 1205 3604 videtur;

129 3615 263 3689 quodque
287 3613 465 3687 probationis
489 3615 550 3671 loco
575 3613 730 3682 subnectis,
753 3633 787 3670 ex
808 3633 906 3671 morsu
927 3631 1026 3669 canem
1049 3613 1205 3673 furentem

163 3792 174 3817 *
192 3793 232 3838 G.:
253 3792 367 3838 Christus
383 3796 466 3848 postea
483 3793 563 3837 etiam.
