2662 4298
478 357 617 397 31131311
642 358 701 397 cxl.
1065 340 1122 397 387

51 530 127 588 dum
158 533 301 603 spectant,
335 527 402 602 quia
415 583 417 589 ,
432 526 559 584 nondum
586 526 685 584 ordine
706 525 870 600 conscripta
890 529 966 596 sunt,
988 526 1018 583 in
1039 526 1124 584 aliam

48 608 235 668 occasionem
256 627 382 666 reservo.

101 689 184 747 Circa
204 689 262 762 illa,
284 708 349 763 quae
371 687 422 757 313,
445 687 520 762 quod
531 686 587 757 ille,
601 685 650 761 qui
661 686 825 744 considerat
834 685 1004 761 Applicatas
1016 685 1124 744 Curva·

56 789 134 839 rum,
155 769 247 826 multa
269 769 399 841 deducet,
422 786 485 841 quac
506 767 542 824 ad
563 766 768 824 dimensionem
790 785 888 845 earum
909 771 1050 841 spectant,
1073 767 1122 824 sed

56 849 163 924 majori
182 849 331 918 facilitate,
354 847 560 906 considerando
582 848 757 921 Tangentes,
779 851 850 916 etc.;
872 847 935 920 Ego
949 847 1124 904 contrarium

55 934 140 1006 puto,
173 930 248 1003 quod
270 928 358 986 etiam
379 927 585 986 considerando
607 928 773 1001 Tangentes
794 927 884 984 multa
904 926 961 984 alia
982 926 1125 984 difficilius

59 1010 248 1080 deducentur,
271 1028 357 1083 quam
378 1008 584 1066 considerando
596 1007 750 1065 ordinatim
764 1006 943 1081 Applicatas,
955 1011 984 1064 et
995 1008 1124 1065 absolute

49 1093 161 1161 statuo,
184 1090 258 1164 quod
280 1109 318 1147 ex
338 1088 506 1167 quibusdam
518 1086 743 1162 proprietatibus
754 1086 875 1162 alicujus
886 1086 929 1145 rei
940 1089 1125 1161 (quacunque

58 1171 130 1227 data
160 1169 237 1242 idea)
270 1169 327 1226 3113
358 1168 478 1238 facilius,
500 1168 558 1225 3113
588 1167 731 1225 difficilius
759 1168 833 1241 (quae
853 1171 951 1224 tamen
972 1167 1068 1224 omnia
1088 1167 1125 1224 ad

59 1254 196 1308 naturam
227 1249 303 1307 illius
332 1248 374 1307 rei
406 1253 549 1323 spectant)
570 1247 695 1305 inveniri
715 1247 842 1322 possint3
865 1247 914 1305 sed
936 1247 991 1304 hoc
1011 1252 1124 1305 tantum

51 1331 267 1387 observandum
299 1328 440 1399 existimo,
472 1328 565 1386 ideam
586 1329 673 1386 talem
695 1347 758 1385 esse
778 1326 986 1402 inquirendam,
1010 1347 1047 1385 ex
1067 1347 1124 1402 qua

56 1409 154 1468 omnia
186 1409 249 1468 31131
280 1415 395 1484 queant,
428 1413 461 1467 ut
491 1429 580 1483 supra
601 1407 717 1466 dictum.
751 1407 855 1465 Omnia
875 1407 950 1464 enim
971 1426 1009 1464 ex
1030 1407 1126 1481 aliqua

57 1509 91 1547 re
124 1490 271 1564 possibilia
302 1490 487 1560 deducturus,
514 1489 677 1547 necessario
698 1490 840 1562 sequitur,
863 1487 965 1544 ultima
983 1487 1127 1562 prioribus

51 1569 217 1628 difficiliora
237 1571 307 1641 1313,
330 1575 384 1628 etc.

511 1749 671 1758 ——-—-

336 1936 556 1993 Rrrsuona
587 1935 654 1992 LXI
676 1935 753 2008 (3131
769 1936 845 2006 1113).

462 2069 628 2127 Clarissimo
655 2069 724 2126 Viro

522 2203 556 2259 B.
578 2222 606 2260 3.
629 2201 657 2260 S.

261 2335 510 2394 HENRICUS
543 2333 922 2393 OLDENBURGIUS.

549 2468 577 2527 S.
600 2469 632 2528 P.

103 2602 188 2660 Nolui
209 2601 357 2660 dimittere
379 2603 555 2660 commodam
576 2602 652 2660 hano
672 2602 858 2673 occasionem,
880 2621 966 2678 quam
987 2601 1126 2660 Doctissi·

59 2702 125 2740 mus
155 2684 237 2740 Dom.
272 2682 440 2756 Bourgeois,
462 2682 612 2742 Medicinae
633 2683 741 2741 Doctor
762 2682 956 2758 Gadomensis,
979 2688 1009 2740 et
1029 2683 1118 2741 Refor·

57 2768 146 2821 1113133
167 2762 311 2837 Religioni
331 2762 471 2835 addictus,
490 2763 550 2838 jam
571 2763 601 2820 in
615 2763 747 2837 Belgium
761 2763 930 2833 abituriens,
942 2763 1011 2821 mihi
1023 2765 1107 2822 offert
1120 2787 1127 2834 3

59 2847 92 2900 ut
123 2844 178 2901 hae
208 2842 321 2900 ratione
351 2842 404 2901 tibi
434 2842 634 2917 significarem,
661 2863 707 2900 me
727 2848 795 2901 ante
816 2843 927 2919 aliquot
946 2842 1128 2918 septimanas

59 2922 114 2980 tibi
144 2928 259 2998 gratum
291 2943 386 2980 meum
407 2922 533 2980 animum
553 2936 606 2998 pro
627 2924 767 2981 Tractatu
788 2928 837 2981 tuo
857 2922 928 2980 mihi
949 2922 1125 2995 transmisso,

59 3002 128 3060 licet
148 3023 295 3079 nunquam
316 3002 433 3074 tradito,
455 3002 631 3078 exposuisse,
653 3007 685 3060 at
705 3003 822 3061 dubium
839 3002 947 3073 fovere,
958 3022 1026 3060 num
1037 3002 1127 3062 literae

61 3082 119 3141 11133
151 3103 223 3141 meac
257 3083 292 3141 ad
324 3103 426 3141 manus
454 3082 509 3141 rite
530 3083 724 3158 pervenerint.
755 3085 956 3141 Iudicauerunt
976 3086 1008 3140 iu
1028 3085 1065 3140 iis
1085 3103 1129 3142 me

60 3165 95 3221 de
130 3164 268 3223 Troctotu
300 3166 350 3222 illo
384 3167 673 3240 3331331133,·33313
695 3165 1129 3240 utique,dehiucrepropriuo

62 3247 188 3318 inspecta
219 3251 243 3302 31
269 3263 422 3319 perpenso,
455 3247 541 3302 31313
577 3247 764 3301 icanatorum
783 3245 876 3317 fuisse
894 3263 971 3302 3333
990 3245 1127 3301 33131133.

63 3323 200 3392 Quaedam
232 3324 302 3382 mihi
330 3323 503 3382 videbantur
533 3329 603 3382 tunc
634 3323 772 3398 temporis
802 3343 924 3398 vergere
947 3322 978 3380 in
998 3323 1127 3380 fraudem

65 3402 232 3478 Religionis,
262 3405 412 3462 dameam
435 3423 472 3462 ex
493 3423 526 3462 eo
546 3404 619 3479 pede
639 3403 787 3475 metiebar,
810 3423 895 3480 quam
917 3403 1128 3476 Theologorum

62 3483 169 3558 vulgus
189 3488 218 3542 et
239 3489 362 3560 receptae
383 3484 600 3543 Confessionum
620 3485 763 3543 Formulae
785 3484 861 3559 (quae
882 3480 1001 3541 nimium
1019 3481 1128 3558 spirare

60 3563 197 3622 videntur
217 3565 343 3640 partium
364 3564 471 3639 studia)
493 3563 687 3640 suppeditant.
720 3565 761 3622 At
781 3568 874 3622 totum
895 3562 1043 3637 negotium
1064 3562 1128 3622 inti-

59 3643 134 3701 mius
163 3644 336 3719 recogitanti
367 3645 458 3703 multa
489 3648 652 3715 occurrunt,
685 3664 747 3719 quae
768 3643 838 3702 mihi
859 3663 1028 3718 persuasum
1050 3648 1128 3716 eunt,

61 3727 92 3781 te
124 3729 238 3782 tantum
269 3727 378 3797 abesse,
411 3730 444 3783 ut
475 3725 626 3800 quicquam
657 3724 687 3782 in
708 3725 792 3783 Verae
813 3723 973 3798 Religionis
993 3723 1129 3782 solidaeve

64 3803 259 3880 Philosophiae
292 3807 426 3864 damnum
447 3805 581 3877 moliaris,
603 3809 758 3864 utcontra
780 3803 936 3880 genuinum
958 3803 1128 3862 Christianae
