2662 4298
528 347 666 386 urrsrona
686 348 790 390 11111111.
1133 329 1190 386 359

126 518 290 576 libertatem
301 513 535 591 Philosophandi,
544 535 628 590 quam
636 515 774 591 Princeps
780 515 1024 575 clementissimus
1030 515 1189 573 concedere

127 598 278 672 dignatum
301 600 334 654 ut
351 596 411 670 jam
425 599 545 667 taceam,
560 595 635 670 quod
647 596 753 655 dudum
765 594 987 655 desideraverim
998 597 1051 654 sub
1062 595 1189 670 Imperio

128 677 277 753 Principis,
315 677 397 751 cujus
430 675 600 751 sapientiam
635 695 733 734 omues
764 676 952 746 admirantur,
987 675 1095 734 vivere.
1131 675 1189 733 Sed

128 757 261 833 quoniam
282 775 429 831 nunquam
448 755 561 831 publice
575 756 677 815 docere
687 756 800 815 animus
810 757 874 828 fuit,
885 756 982 814 induci
993 775 1052 814 non
1063 775 1189 831 possum,

127 843 161 896 ut
180 838 348 914 praeclaram
369 837 445 894 hanc
455 836 633 895 occasionem
644 837 810 912 amplectar,
821 836 938 895 tametsi
948 856 1008 895 rem
1020 836 1069 894 diu
1078 855 1190 894 mecum

127 917 309 993 agitaverim.
341 916 414 974 Nam
446 916 541 990 cogito
561 916 662 992 primo,
684 936 730 975 me
749 938 767 976 a
787 917 983 992 promovenda
1004 914 1191 991 Philosophia

128 1018 248 1069 cessare,
281 997 305 1055 si
335 996 520 1055 instituendae
545 997 692 1072 juventuti
712 1016 817 1056 vacare
837 997 932 1056 velim.
954 996 1056 1071 Cogito
1078 995 1190 1064 deinde,
1294 1001 1297 1007 '

127 1099 173 1136 me
193 1077 313 1149 nescire,
335 1077 440 1153 quibus
452 1076 590 1135 limitibus
603 1077 723 1136 libertas
733 1077 790 1135 ista
800 1076 1027 1152 Philosophandi
1037 1074 1191 1134 intercludi

129 1160 240 1230 debeat,
262 1178 298 1215 ne
319 1157 419 1216 videar
438 1156 551 1232 publice
561 1157 719 1215 stabilitam
730 1157 908 1232 Religionem
919 1159 1089 1233 perturbare
1099 1156 1190 1214 velle:

129 1239 235 1315 quippe
256 1237 411 1296 schismata
431 1256 490 1295 non
510 1241 570 1295 tam
591 1257 627 1295 ex
649 1237 761 1296 ardenti
773 1237 930 1312 Religionis
941 1236 1036 1294 studio
1048 1235 1190 1305 oriuntur,

130 1339 216 1395 quam
247 1338 285 1376 ex
308 1317 389 1376 vario
409 1317 556 1375 hominum
577 1318 682 1376 affectu
702 1318 749 1377 vel
770 1317 984 1376 contradicendi
1006 1315 1110 1386 stadie,
1134 1335 1191 1391 quo

130 1399 233 1471 omnia,
256 1398 311 1456 etsi
330 1402 408 1456 recte
429 1397 507 1455 dicta
527 1397 594 1467 sint,
616 1399 776 1474 depravare
790 1403 819 1456 et
831 1399 967 1455 damnare
978 1397 1080 1454 solent.
1093 1396 1192 1470 Atque

129 1480 194 1538 haec
214 1499 278 1537 cum
296 1479 356 1553 jam
377 1482 514 1554 expertus
533 1477 595 1550 sim,
617 1479 682 1536 dum
706 1477 796 1536 vitam
816 1477 960 1553 privatam
982 1482 1011 1536 et
1033 1475 1191 1533 solitariam

129 1579 195 1632 ago,
223 1559 313 1617 multo
334 1558 427 1633 magis
447 1557 575 1616 timenda
595 1563 688 1626 erunt,
711 1563 863 1633 postquam
885 1559 919 1616 ad
942 1559 1019 1616 hunc
1040 1555 1193 1631 dignitatis

130 1640 251 1714 gradum
272 1639 456 1697 adscendero.
478 1638 567 1696 Vides
587 1638 694 1717 itaque,
715 1638 769 1696 Vir
789 1638 981 1714 Amplissime‚
1003 1657 1048 1695 me
1070 1656 1128 1694 non
1140 1654 1192 1711 spe

128 1719 253 1778 melioris
283 1720 406 1778 fortunae
437 1719 557 1790 haerere,
586 1719 637 1777 sed
657 1739 718 1794 prae
739 1718 958 1794 tranquillitatis
978 1737 1083 1788 amore,
1106 1735 1192 1791 quam

129 1800 226 1876 aliqua
246 1799 358 1858 ratione
378 1818 424 1857 me
444 1799 574 1858 obtinere
594 1819 679 1874 posse
699 1800 793 1870 credo,
814 1799 898 1857 modo
919 1819 936 1856 a
956 1797 1079 1874 publicis
1098 1795 1192 1854 Lecti·
1290 1865 1291 1868 ¹
1316 1865 1319 1868 ᾗ

130 1879 231 1938 onibus
252 1879 421 1937 abstineam.
444 1879 627 1955 Quapropter
647 1883 677 1937 te
697 1879 862 1937 enixissime
882 1899 963 1953 rogo,
985 1883 1018 1936 ut
1039 1875 1193 1936 Serenissi·

131 1980 208 2018 mum
238 1960 399 2018 Electorem
431 1979 504 2029 ores,
536 1964 569 2017 ut
598 1959 669 2017 mihi
699 1960 755 2017 hac
780 1961 816 2017 de
836 1979 868 2017 re
888 1958 1010 2034 amplius
1031 1957 1192 2016 deliberare

129 2041 223 2111 liceat,
250 2039 352 2098 deinde
376 2044 409 2097 ut
429 2040 558 2097 favorem
580 2039 798 2098 clementissimi
819 2039 961 2115 Principis
981 2037 1084 2096 cultori
1106 2036 1191 2094 devo·

131 2119 240 2178 tissimo
261 2119 413 2178 conciliare
433 2139 547 2194 pergas,
570 2139 626 2194 quo
647 2119 740 2194 magis
760 2119 813 2177 tibi
834 2118 989 2190 devincies,

332 2252 517 2327 Amplissime
542 2252 775 2328 Nobilissimeqnc
795 2255 926 2323 Domine,

775 2361 867 2419 Tuum
890 2379 924 2418 ex
944 2379 1006 2418 osse

969 2468 1003 2525 B.
1025 2486 1053 2524 n.
1076 2465 1104 2524 S.

161 2574 238 2631 Hagno
256 2573 360 2619 Comitis
377 2573 415 2619 30.
432 2572 519 2619 Martii
536 2574 604 2620 1673.

478 2947 714 3006 Errsrous
745 2949 848 3007 XLIX.

532 3081 698 3138 Clarissimo
725 3079 795 3139 Viro

392 3212 503 3272 JOH.
535 3212 648 3272 GEO.
679 3213 935 3273 danuvio

597 3349 732 3408 ans.

258 3482 294 3526 Ex
312 3482 478 3540 autographo,
495 3483 563 3540 quod
579 3484 605 3527 in
623 3481 784 3529 Bibliotheca
800 3483 879 3540 Regia
895 3482 1034 3528 Havniensi
1052 3484 1175 3528 servatur.

338 3600 391 3656 Vir
415 3601 585 3669 Clariosque,

175 3706 286 3776 Quaeso,
308 3710 341 3764 ut
360 3706 519 3781 Epistolam
539 3706 617 3764 illam
639 3707 674 3766 de
695 3707 775 3765 obitu
796 3706 925 3776 (lartesii,
948 3725 1033 3781 quam
1048 3711 1077 3763 te
1089 3705 1195 3762 dudum

133 3785 317 3861 descripsisse
338 3787 432 3857 credo,
454 3805 539 3862 quam
560 3786 683 3862 primum
704 3786 822 3863 poteris
844 3786 962 3858 mittas;
984 3805 1050 3843 nam
1073 3786 1137 3842 Dus.
1163 3784 1198 3841 de
