2662 4298
500 337 639 377 EPISTOLA
660 339 733 379 XXX.

456 523 790 584 ErrsronnXXX.

364 683 432 740 Viro
455 683 638 742 Nobilissimo
661 704 695 742 oo
715 685 885 743 Doctissimo

293 840 527 900 HENRIOO
560 841 943 902 OLDENBURGIO

552 976 586 1034 B.
609 995 636 1033 u.
659 975 687 1035 S.

393 1110 549 1185 Responsio
572 1112 612 1168 ool
627 1113 845 1185 prceoedentem.

218 1243 400 1300 Fragmentum
417 1257 448 1289 ex
465 1243 634 1301 Oldenburgii
651 1244 761 1303 epistola
778 1258 809 1289 m.
828 1241 885 1291 Oct.
904 1244 971 1291 1665.
989 1246 1022 1291 ad

420 1306 537 1364 Boylium
555 1306 615 1352 data
631 1309 817 1365 recuperatum.

126 1466 133 1506 ’.
157 1492 162 1505 .
187 1494 193 1506 .
216 1493 222 1504 .
245 1446 372 1520 Gaudeo,
394 1447 580 1524 philosophos
601 1452 746 1508 vestrates
767 1448 875 1516 vivere,
899 1449 944 1507 sui
965 1450 1153 1526 sueeqnerei·

85 1527 206 1602 publicae
235 1547 383 1587 memores.
417 1527 491 1598 Quid
513 1548 606 1604 nuper
625 1529 748 1587 fecerint
769 1532 938 1604 expectab0,
961 1531 1076 1605 quando
1097 1531 1154 1588 bel·

85 1609 191 1666 latores
212 1607 355 1683 sanguine
374 1608 483 1667 fuerint
496 1609 597 1677 saturi,
612 1613 650 1680 et,
663 1610 698 1668 ad
710 1609 787 1668 vires
798 1608 928 1668 nonnihil
939 1609 1153 1683 instaurandae,

86 1688 256 1763 quieverint.
264 1688 294 1746 Si
304 1688 423 1746 celebris
434 1688 481 1747 ille
491 1688 591 1747 irrisor
601 1690 657 1747 hac
665 1694 753 1748 aetate
761 1689 881 1758 viveret,
890 1689 1152 1767 risusaneperiret.
1223 1702 1229 1717 ·

85 1769 132 1825 Me
146 1773 244 1827 tamen
258 1769 303 1827 hae
319 1771 413 1827 turbae
432 1789 484 1828 nec
495 1770 531 1827 ed
543 1769 641 1837 risum,
653 1789 706 1828 neo
717 1769 803 1828 etiam
815 1771 851 1828 ad
862 1771 1089 1846 lacrymandum,
1102 1772 1153 1830 sed

85 1848 180 1923 potins
201 1849 236 1906 ad
258 1848 527 1924 philosophandum,
550 1853 579 1907 et
599 1850 755 1908 humanam
776 1855 911 1908 naturam
932 1850 1034 1908 melius
1055 1853 1153 1911 obser-

84 1929 218 2000 vandam,
240 1928 372 1988 incitant.
403 1929 477 1987 Nam
498 1949 552 1988 nec
572 1934 706 1988 naturam
727 1929 857 2006 irridere,
872 1930 944 1988 mihi
956 1931 1001 1988 fas
1012 1930 1152 2002 existimo,

84 2009 173 2066 multo
194 2009 289 2067 minus
309 2009 402 2084 ipsam
424 2010 582 2084 deplorare,
605 2010 672 2068 dum
694 2010 799 2084 cogito,
821 2010 960 2081 homines,
984 2015 1017 2069 ut
1030 2011 1150 2086 reliqna,

84 2094 195 2163 partem
227 2094 341 2147 tantum
372 2109 436 2147 esse
466 2089 595 2162 Naturae,
630 2109 732 2165 meque
752 2089 897 2164 ignorare,
921 2091 1062 2165 quomodo
1083 2111 1153 2149 una·

84 2188 205 2244 quaeqne
225 2189 294 2245 pare
315 2169 434 2228 Naturae
455 2189 520 2228 oum
542 2189 593 2227 suo
615 2174 677 2228 toto
699 2169 862 2239 conveniat,
885 2174 914 2228 et
936 2171 1154 2246 quomodocnm
1199 2179 1202 2185 '

84 2249 201 2324 reliquis
222 2250 382 2320 cohaereat3
404 2255 434 2307 et
455 2269 492 2308 ex
513 2250 572 2308 solo
593 2250 680 2325 hujus
701 2249 875 2324 cognitionis
896 2250 1010 2308 defectu
1031 2251 1151 2324 reperte,

84 2331 159 2404 quod
192 2331 325 2405 quaedam
354 2329 482 2401 Naturae,
505 2350 570 2405 quae
592 2329 634 2388 ita
655 2349 693 2388 ex
712 2335 796 2405 parte
817 2335 847 2388 et
867 2350 925 2389 non
946 2329 1001 2388 nisi
1021 2330 1153 2389 mutilate

83 2409 219 2484 percipio,
252 2416 281 2469 et
313 2429 378 2486 quae
406 2429 470 2468 cum
492 2414 593 2468 nostra
613 2415 710 2469 mente
730 2409 929 2486 philosophica
949 2409 1066 2468 minime
1087 2431 1152 2468 con·

84 2489 212 2561 veniunt,
244 2489 316 2547 mihi
348 2491 472 2549 antehac
502 2510 587 2563 vana,
618 2490 792 2561 inordinata,
815 2491 940 2548 absurda
961 2490 1150 2549 videbantur:

81 2570 140 2644 jam
162 2590 231 2628 vero
252 2589 483 2646 unumquemque
504 2590 541 2628 ex
556 2591 607 2629 sno
618 2570 735 2645 ingenio
747 2570 845 2630 vivere
856 2570 928 2642 sino,
940 2570 1028 2646 etqui
1039 2571 1149 2642 volunt,

84 2650 212 2724 profecto
244 2670 296 2709 suo
326 2653 401 2708 bono
432 2651 601 2722 moriantur,
624 2651 776 2710 dummodo
796 2650 868 2709 mihi
887 2671 939 2726 pro
961 2671 1031 2710 vero
1050 2651 1151 2710 vivere

83 2729 176 2788 liceat.
210 2730 355 2806 Oompono
373 2732 433 2808 jam
454 2735 621 2802 tractatum,
644 2732 679 2790 de
693 2752 756 2790 meo
767 2731 844 2790 circa
856 2731 1036 2807 Scripturam
1048 2752 1150 2791 sensu:

83 2811 119 2867 ad
149 2810 178 2868 id
199 2830 269 2869 vero
290 2811 452 2869 faciendum
474 2832 520 2870 me
540 2817 666 2881 movent,
690 2814 715 2870 1.
738 2811 911 2887 Praejudicia
931 2812 1149 2886 theologorum:

83 2890 141 2948 scio
172 2890 248 2948 enim
280 2911 315 2949 ea
345 2892 469 2950 maxime
500 2891 647 2967 impedire,
680 2911 735 2967 qno
757 2891 851 2951 minus
871 2891 1002 2950 homines
1023 2891 1150 2950 animum

83 2971 118 3027 ad
150 2970 360 3045 philosophiam
392 2971 537 3047 applicare
557 2971 686 3047 possint;
708 2991 743 3030 ea
763 2971 854 3046 igitur
874 2973 1039 3046 patefacere
1064 2976 1151 3047 atque

83 3051 194 3108 amoliri
215 3071 232 3108 a
253 3051 398 3110 mentibus
418 3051 636 3128 prudentiorum
648 3056 766 3127 satag03
779 3053 806 3110 2.
820 3051 933 3126 Opini0,
946 3071 1031 3127 quam
1043 3052 1150 3126 vulgus

83 3131 117 3187 de
149 3150 194 3188 me
224 3131 321 3202 habet,
353 3131 402 3207 qui
432 3152 477 3190 me
508 3131 642 3191 etheismi
672 3131 838 3190 insimulare
869 3151 928 3189 non
956 3136 1063 3190 cessat:
1086 3151 1149 3189 eam

83 3231 197 3286 quoqne
218 3231 420 3284 averruncare,
443 3213 538 3288 quoad
558 3212 621 3270 fieri
642 3215 747 3287 potest,
769 3232 873 3286 cogor3
896 3213 922 3270 3.
945 3212 1079 3270 Libertas
1089 3211 1150 3286 phi·

81 3291 252 3366 losephandi
284 3291 452 3368 dicendique
483 3311 547 3367 quae
581 3292 736 3363 sentimus;
759 3311 845 3368 qnam
868 3311 996 3350 asserere
1018 3291 1151 3349 omnibus

81 3365 172 3430 modis
193 3371 285 3447 cupio,
308 3392 431 3449 quaeque
451 3371 499 3431 hic
520 3375 556 3431 ob
567 3372 685 3430 nimiam
696 3372 930 3431 concionaturum
942 3370 1150 3429 authoritatem

81 3457 111 3509 et
121 3452 312 3527 petulantiam
323 3457 469 3529 utcunque
480 3452 676 3529 supprimitur.
698 3453 832 3511 Nondum
843 3451 937 3523 audio,
949 3451 1149 3510 Cartesianum

81 3531 204 3608 aliquem
227 3552 264 3591 ex
281 3533 391 3592 Certos.
403 3532 567 3609 hypothesi,
583 3552 758 3609 nuperorum
770 3536 945 3590 cometarum
958 3533 1149 3607 phaenomena

81 3612 241 3687 explicare:
264 3617 293 3671 et
314 3613 423 3688 dubito,
445 3634 483 3672 au
504 3633 539 3672 ex
559 3613 609 3672 illa
629 3613 685 3672 rite
705 3613 850 3688 explicare
869 3612 999 3688 possint.
1013 3657 1020 3671 .
1033 3657 1061 3672 ..

82 3747 295 3758 ——.

113 3809 265 3868 [Voorburgi
281 3823 314 3855 rn.
332 3811 399 3870 Sept.
416 3811 457 3856 rel
475 3810 530 3856 Oct.
549 3808 626 3868 leta]

120 3891 160 3948 II.
989 3889 1028 3947 20
