2662 4298
611 325 751 364 EPISTOLA
772 327 811 365 VI.

550 493 573 550 Ε
589 511 606 549 1>
620 512 632 549 1
646 512 660 550 s
675 512 691 549 r
707 512 724 550 o
739 513 755 551 n
771 513 791 551 A
819 494 870 564 VI,

434 626 585 684 Continens
606 627 812 686 Annoiuliones
834 629 863 684 in
884 628 990 686 librum

354 757 531 816 Nobilissimi
552 759 615 817 Viri
636 760 662 817 R
674 760 698 818 Ο
710 760 735 817 Β
746 760 770 817 Ε
781 761 808 818 R
819 760 842 817 T
854 760 869 817 1
888 760 913 817 Β
924 760 948 818 Ο
960 760 986 817 Y
997 760 1020 816 L
1032 760 1065 829 Ε,

424 893 467 951 De
489 894 584 964 Nino,
607 895 773 965 fluiditate,
795 901 820 953 el
841 895 1001 952 Firmitate.

450 1026 519 1084 Viro
543 1027 780 1085 Nobilissimum
802 1028 970 1085 Doctissimo

388 1157 617 1218 nnnnrco
650 1158 1029 1218 urrunnuncro

638 1292 671 1351 B.
694 1312 722 1351 n.
744 1293 772 1350 S.

479 1427 635 1502 Responsio
656 1428 696 1485 ad
715 1429 927 1502 procedentem.

320 1560 480 1619 [Exemplum
497 1560 672 1619 Oldenburgio
689 1562 796 1608 missum
812 1562 889 1607 hodie
905 1561 1015 1608 Londini
1033 1564 1102 1621 apud

493 1623 647 1669 Societatem
664 1624 769 1682 Regiam
786 1624 921 1682 servatur-l

299 1765 351 1822 Vir
376 1765 548 1838 Clarissimo,

213 1896 331 1956 Librum
361 1897 564 1973 igeuiosissimi
596 1898 691 1974 Boylii
722 1899 828 1975 accepi,
860 1918 990 1974 eumque,
1022 1904 1165 1975 quantum
1191 1922 1246 1977 per

169 1976 263 2036 otium
282 1977 372 2049 licuit,
394 1978 499 2038 evolvi.
522 1978 665 2037 Maximae
685 1979 738 2038 tibi
759 1999 815 2054 ago
837 1979 947 2054 gratias
967 1999 1020 2055 pro
1040 1999 1161 2039 munere
1176 1982 1242 2041 hoc.

171 2057 264 2116 Video
288 2079 413 2117 menon
434 2060 539 2118 mulam
561 2059 694 2130 antehac,
717 2079 781 2118 cum
802 2059 925 2135 primum
946 2061 1023 2118 hunc
1043 2059 1114 2119 mihi
1133 2060 1244 2120 librum

171 2138 353 2214 promiseras
375 2139 477 2199 fecisse
498 2141 703 2216 conjecturam,
726 2159 838 2215 nempe,
861 2144 890 2198 te
912 2161 970 2199 non
983 2139 1039 2198 nisi
1050 2141 1085 2198 de
1096 2161 1128 2200 re
1139 2143 1244 2217 magni

170 2220 307 2278 momenti
328 2220 481 2279 sollicitum
502 2221 572 2280 fore.
594 2219 647 2278 Vis
668 2219 792 2286 interim,
815 2219 987 2278 Doctissime
998 2221 1129 2292 Domine,
1141 2226 1176 2280 ut
1187 2223 1242 2281 tibi

170 2319 264 2358 meum
295 2306 382 2359 tenue
413 2302 448 2359 de
478 2301 521 2371 iis,
554 2321 619 2377 quae
642 2299 765 2376 scripsit,
786 2299 924 2376 judicium
945 2300 1075 2372 mittam3
1098 2302 1185 2376 quod,
1208 2308 1242 2361 ut

169 2400 233 2438 mea
265 2381 322 2439 fert
342 2381 477 2453 tenuitas,
500 2381 612 2452 faciam,
635 2381 762 2439 notando
784 2380 894 2439 scilicet
916 2383 1057 2456 qnaedam,
1081 2401 1146 2456 quae
1168 2382 1241 2441 mihi

167 2462 292 2518 obscura
312 2461 374 2519 sive
394 2461 489 2519 minus
510 2462 707 2520 demonstrata
728 2461 872 2519 videntur.
894 2461 993 2537 Neque
1014 2462 1108 2519 adhuc
1129 2462 1237 2534 omnia,

168 2545 288 2615 propter
323 2540 534 2616 occupationes
568 2561 745 2617 percurrere,
779 2542 869 2600 multo
900 2542 995 2600 minus
1007 2544 1036 2615 o)
1069 2542 1239 2602 examinare

166 2619 258 2694 potui.
291 2621 360 2690 Quae
391 2620 482 2695 igitur
513 2621 589 2679 circa
620 2621 743 2693 Nitrum,
775 2623 870 2694 etcd)
902 2623 1030 2681 notanda
1051 2622 1171 2698 reperio,
1195 2644 1238 2682 se-

161 2699 318 2775 quentibus
343 2700 449 2775 accipe.
504 2742 506 2747 -

576 2865 821 2935 nnnrrnoc)

207 3020 304 3080 Primo
336 3020 445 3096 colligit
472 3040 510 3079 ex
531 3042 582 3080 suo
604 3021 804 3098 experimento
826 3023 860 3080 de
882 3022 1128 3098 redintegratione
1149 3023 1236 3095 Nitri,

169 3101 284 3159 Nitrum
316 3121 378 3159 esse
411 3101 521 3177 quidd)
543 3104 778 3177 heterogeneum
801 3107 938 3161 constans
958 3123 995 3161 ex
1016 3103 1148 3179 partibus
1169 3105 1237 3164 fixis

169 3186 199 3240 ct
230 3181 405 3253 volatilibus,
428 3183 509 3258 cujus
529 3186 627 3241 tamen
648 3187 754 3241 natura
776 3183 888 3252 (saltem
910 3185 1004 3259 quoad
1028 3184 1236 3258 Phaenomena)

169 3263 255 3320 valde
276 3262 372 3321 differt
392 3282 410 3320 a
430 3267 536 3321 natura
556 3262 691 3338 partium,
714 3282 751 3320 ex
773 3262 877 3337 quibus
898 3264 1087 3339 componitur,
1103 3265 1237 3339 quamvis

170 3362 205 3400 ex
239 3343 300 3400 sola
331 3363 411 3400 mera
441 3343 569 3402 mixtura
590 3344 692 3402 harum
713 3342 840 3418 partium
861 3344 980 3404 oriatur.
1003 3345 1084 3415 Haec,
1106 3344 1235 3419 inquam,

163 3423 311 3480 conclusio
332 3427 365 3481 ut
386 3423 530 3481 diceretur
550 3426 633 3495 bona,
656 3423 771 3482 videtur
791 3423 861 3481 mihi
881 3425 976 3482 adhuc
996 3424 1103 3500 requiri
1119 3425 1234 3500 aliquod

166 3502 406 3577 experimentum,
434 3523 489 3579 quo
511 3506 688 3575 ostendatur,
711 3503 848 3579 Spiritum
870 3504 946 3563 Nitri
967 3525 1024 3563 non
1045 3525 1108 3563 esse
1129 3525 1233 3564 revera

229 3671 309 3716 Lond.
317 3685 322 3715 ι
328 3676 433 3729 propter
441 3674 609 3730 occupationes
617 3674 769 3728 exarmare,
780 3673 882 3718 omissis
892 3687 1048 3731 percurrere,
1058 3675 1232 3722 nudtomlnus.
1309 3699 1311 3703 ·

236 3735 303 3778 circo
319 3735 414 3778 ultrum
432 3739 454 3778 et
471 3736 598 3794 requenlic
614 3737 759 3794 lacteusque.

208 3798 215 3855 )
235 3797 315 3842 Deest
332 3797 357 3841 in
375 3797 402 3841 L.
655 3799 680 3853 d)
697 3811 749 3843 ecsc
768 3811 864 3856 corpus.
