2662 4298
528 342 667 382 EPISTOLA
688 343 780 382 LXXX.

382 511 597 569 Episnona
617 511 724 568 LXXX
746 512 824 584 (omn
842 512 937 585 nm).

331 646 502 702 sicutissime
523 652 607 721 atque
626 646 796 703 Doctieaimo
819 643 1015 718 Philosophc

590 779 623 837 B.
646 798 673 836 n.
697 777 725 837 S.

285 913 477 971 meamea.
502 913 656 971 WAmH.
678 913 729 971 nn
750 911 1063 972 TscHIRNHAUS.

210 1047 458 1117 ventremne,
565 1025 568 1031 ’

164 1178 261 1237 Primo
286 1178 439 1237 difficulter
460 1179 613 1236 admodum
634 1178 784 1253 concipere
806 1197 897 1259 queo,
923 1187 982 1255 qui
1007 1200 1027 1238 a
1048 1180 1141 1256 priori
1159 1200 1206 1238 cor·

124 1278 225 1335 porum
253 1258 411 1317 existentia
439 1259 660 1330 demonstretur,
683 1278 748 1334 quae
768 1263 867 1316 motus
891 1264 924 1316 et
949 1260 1074 1335 figuras
1097 1262 1205 1329 habent;

125 1359 189 1398 cum
210 1339 241 1396 in
261 1338 447 1410 Extensicne,
470 1340 600 1398 absolute
614 1359 674 1397 rem
690 1338 913 1412 considerando,
932 1340 980 1398 nil
998 1342 1062 1399 tale
1078 1346 1205 1400 occurrat.

47 1442 48 1445 ¹
125 1420 255 1478 Secundo
288 1419 395 1478 erudiri
426 1422 478 1477 abs
508 1424 538 1477 te
568 1420 683 1490 vellem,
718 1419 862 1495 quomodo
896 1419 1138 1496 intelligendum
1169 1420 1205 1492 nit,

125 1501 207 1576 cujus
234 1498 389 1557 meministi
416 1498 545 1575 Epistola
573 1500 608 1558 de
634 1499 782 1557 Infinito*
810 1498 856 1556 his
886 1500 1007 1572 verbiS,
1041 1503 1106 1560 Nec
1127 1509 1204 1560 tamen

126 1582 298 1638 concludunt
317 1582 388 1638 talia
409 1600 518 1638 omnem
539 1600 691 1638 numerum
711 1599 850 1655 superare
869 1599 905 1637 cx
917 1585 1073 1655 partium
1093 1584 1205 1640 multitu·

126 1662 200 1718 dine.
222 1660 295 1718 Nam
318 1679 420 1719 revera
441 1679 541 1718 omnes
562 1659 760 1718 Mathematici
779 1658 849 1717 mihi
872 1658 1026 1720 videntur
1049 1662 1131 1721 circa
1149 1662 1205 1721 talia

125 1738 241 1796 infinita
271 1759 385 1815 semper
415 1741 622 1811 demonstrare,
655 1741 730 1815 quod
755 1738 884 1816 partium
914 1760 1072 1801 numerus
1101 1743 1139 1801 sit
1157 1748 1204 1801 tan

126 1839 258 1893 magnuS,
298 1824 331 1877 ut
365 1840 478 1878 omnem
510 1820 714 1895 assignabilem
744 1839 895 1878 numerum
930 1827 1097 1898 superent.
1130 1828 1158 1882 et
1181 1823 1204 1879 in

125 1900 265 1975 exemplo,
301 1900 337 1957 de
372 1901 483 1960 duobus
517 1900 630 1959 circulis
661 1899 766 1958 ibidem
797 1899 895 1972 allato,
929 1921 998 1960 non
1033 1904 1095 1962 hoc
1127 1904 1204 1980 ipsum

126 1980 273 2038 declarare
304 1980 420 2052 viderie,
449 1981 525 2056 quod
556 1986 654 2039 tamen
686 1999 862 2056 susceperam
898 1980 946 2039 Ibi
984 1983 1071 2042 enim
1107 1989 1203 2043 tantum

125 2060 262 2131 ostendia
285 2061 361 2137 quod
383 2081 441 2118 ncn
462 2062 517 2119 hoc
537 2061 631 2136 ipsum
652 2061 827 2119 concludunt
848 2079 884 2117 ex
906 2060 1006 2121 nimia
1022 2064 1118 2140 spatii
1134 2066 1204 2123 inter·

126 2140 211 2215 positi
239 2141 446 2216 magnitudine,
474 2146 503 2199 et
532 2143 608 2217 qued
636 2145 699 2216 ejus
726 2144 888 2199 maximum
919 2149 947 2198 et
972 2147 1141 2203 minimum
1161 2164 1204 2202 aen

125 2222 295 2296 habeamus;
326 2223 375 2279 sed
407 2241 465 2279 non
498 2222 680 2279 demonstras
712 2226 798 2296 prout
825 2220 959 2292 volebas,
994 2227 1080 2299 quod
1112 2226 1139 2283 id
1160 2244 1204 2282 non

126 2302 298 2359 concludant
320 2322 355 2359 ex
377 2301 502 2377 partium
523 2302 715 2371 multitudine,
737 2307 791 2359 etc.

158 2461 179 2506 2.
197 2462 265 2520 maji,
284 2462 350 2507 mm.

581 2607 741 2615 ———

379 2737 598 2795 Eelsnonn
629 2737 751 2794 LXXXI
773 2738 850 2808 (omn
867 2738 941 2810 Lxx).

368 2871 550 2928 debilissimo
582 2878 665 2945 atque
685 2872 859 2928 Doctiscimc
871 2874 874 2879 '
886 2870 956 2928 Viro

291 3003 482 3062 EHRENFR.
508 3004 663 3061 WALTH.
684 3004 735 3061 DE
757 3002 1046 3064 TSOHIRNHAUS

588 3139 622 3196 B.
652 3159 679 3198 n.
706 3139 734 3196 S.

440 3274 594 3348 Responsio
616 3275 654 3331 ad
671 3275 888 3349 preecedentem.

250 3406 430 3464 Nobilissime
457 3408 518 3482 Vir,

170 3541 250 3609 Quod
283 3541 313 3598 in
343 3541 473 3617 Epistola
495 3543 529 3600 de
551 3542 668 3599 infinite
690 3541 759 3612 dixi,
781 3541 856 3616 quod
877 3541 1004 3614 partium
1029 3544 1210 3608 infinitatem

129 3639 165 3676 ex
197 3641 295 3678 earum
325 3622 508 3681 multitudine
529 3643 587 3680 non
609 3623 789 3692 cencludant,
812 3621 878 3679 hinc
899 3626 989 3696 patet,
1014 3630 1108 3701 quod,
1133 3631 1157 3688 si
1179 3650 1212 3688 ea

163 3809 174 3833 *
191 3809 274 3868 Epist.
292 3809 347 3854 XII.
364 3810 427 3855 Vide
445 3823 529 3868 supra
539 3824 595 3868 pag.
615 3809 666 3854 229.
