2662 4298
183 339 240 398 190
423 363 427 369 ‘
517 358 739 399 Annorarrouns
760 360 792 399 ru
813 359 914 400 aanor.

181 526 253 584 velit
283 527 320 584 ab
351 524 515 583 hominibus
535 530 675 600 tanquam
696 525 839 602 princeps.
862 526 946 586 Adde
967 529 1044 604 quod
1062 528 1131 604 jura
1153 530 1257 591 divina

182 608 264 665 nobis
284 609 317 664 ut
334 605 402 681 jura
423 624 474 663 seu
494 605 630 664 instituta
651 605 743 664 videri
763 607 983 679 ostenderimus,
1002 609 1140 684 quamdiu
1154 629 1256 670 eorum

180 705 298 745 causam
319 685 496 760 ignoramus,
518 686 573 745 hac
594 691 690 745 autem
712 686 829 761 cognita
849 686 925 747 illico
945 688 1012 764 jura
1026 708 1089 748 esse
1104 689 1256 765 desinunt,

182 771 270 842 atque
300 766 400 824 eadem
430 769 464 824 ut
488 771 613 825 aeternas
633 766 782 839 veritates,
804 785 863 826 non
883 773 916 827 ut
934 768 1010 844 jura,
1031 770 1256 846 amplectimur;

182 847 237 904 hoc
265 849 318 916 est,
348 844 511 904 obedientia
538 846 613 905 illico
640 845 671 904 in
700 867 826 906 amorem
848 848 963 920 transit,
985 849 1095 926 quiex
1116 871 1189 911 vera
1211 873 1257 912 co·

183 925 312 1001 gnitione
342 931 403 984 tam
434 927 596 984 necessario
618 927 711 985 oritur
731 932 764 985 ut
785 947 823 986 ex
843 929 903 986 sole
923 929 1029 989 lumen.
1051 931 1099 988 Ex
1119 931 1257 992 Rationis

179 1005 271 1080 igitur
291 1007 379 1064 ductu
399 1007 491 1064 Deum
513 1007 628 1083 quidem
650 1027 756 1078 amare,
779 1008 829 1066 sod
850 1028 908 1066 non
930 1009 1045 1068 obedire
1066 1010 1093 1069 ei
1114 1014 1131 1047 *
1152 1031 1254 1088 possu-

180 1106 253 1157 mus,
285 1085 516 1162 quandoquidem
547 1107 601 1146 nec
629 1087 695 1162 jura
726 1087 833 1162 divina,
856 1088 992 1165 quamdiu
1013 1109 1113 1149 eorum
1135 1111 1257 1152 causam

179 1166 356 1242 ignoramus,
387 1171 422 1225 ut
453 1166 552 1226 divina
583 1167 726 1243 amplecti,
757 1188 811 1227 nec
838 1169 931 1228 Deum
949 1170 1017 1246 jura
1040 1175 1073 1229 ut
1094 1171 1259 1249 principem

181 1246 402 1306 constituentem
424 1247 575 1323 concipere
596 1247 720 1306 Ratione
741 1267 901 1324 possumus.

209 1397 440 1453 *mmm

664 1550 774 1607 XXXV

557 1723 944 1798 fflQOm'

217 1903 276 1962 LB.
317 1904 418 1963 Mona.
461 1904 620 1981 Suscepere
659 1904 715 1963 duo
745 1903 940 1980 manipulares
969 1903 1122 1980 imperium
1155 1907 1260 1983 populi

177 1983 563 2077 Romanitransferendum,
585 1989 615 2043 et
636 1984 857 2044 transtulerunt.
880 1986 948 2043 Tac.
973 1987 998 2044 l.
1021 1984 1100 2044 Hist.
1125 1984 1211 2047 libro.

650 2267 776 2324 XXXVI

554 2453 596 2509 (ad
613 2466 670 2511 pag.
689 2452 741 2509 137,
758 2455 819 2499 tom.
836 2453 880 2510 ΙΙ).

201 2622 276 2680 'LB.
309 2623 409 2680 Musa.
441 2621 476 2679 In
509 2621 563 2679 hoc
593 2621 656 2679 loco
687 2625 861 2679 accusantur
892 2621 957 2693 duo,
991 2622 1067 2697 quod
1091 2621 1252 2682 incastris
1317 2692 1320 2699 1

178 2701 426 2778 prophetaverint,
459 2706 488 2759 ot
520 2702 612 2759 Josua
640 2701 705 2759 illos
736 2702 929 2760 asservandos
955 2706 1069 2773 censet;
1091 2703 1169 2777 quod
1192 2724 1253 2762 non

178 2782 302 2854 fecisset,
324 2781 349 2840 si
369 2781 522 2856 unicuique
542 2781 654 2856 injussu
674 2781 765 2839 Mosis
786 2781 885 2839 divina
905 2801 1044 2858 responsa
1061 2783 1168 2858 populo
1181 2784 1254 2842 dare

178 2862 314 2921 licuisset.
347 2864 388 2920 At
419 2861 494 2920 Mosi
519 2881 585 2920 reos
605 2861 755 2920 absolvere
775 2861 893 2937 placuit,
916 2867 945 2920 et
966 2862 1086 2920 Josuam
1106 2861 1253 2939 increpat,

179 2944 254 3017 quod
286 2942 341 3018 ipsi
372 2943 515 3013 suaderet,
546 2943 594 3016 jus
625 2962 708 3000 suurn
740 2942 851 3016 regium
883 2941 1017 3017 persequi
1046 2961 1080 3001 eo
1109 2946 1251 3019 tempore,

182 3024 297 3100 quando
327 3023 421 3099 ipsum
447 3025 589 3081 tantum*
609 3021 752 3096 regnandi
772 3021 890 3080 taedium
912 3025 1039 3092 tenebat,
1061 3026 1095 3081 ut
1115 3023 1253 3082 maluerit

179 3104 252 3162 mori
272 3124 358 3179 quam
382 3104 460 3162 solus
480 3121 613 3178 regnare,
635 3106 669 3160 ut
689 3106 771 3178 patet
792 3121 828 3160 ex
850 3123 894 3160 vs.
918 3102 964 3161 14.
987 3102 1114 3178 ejusdem
1137 3103 1251 3179 capitis.

179 3184 226 3243 Sic
268 3184 343 3242 enim
385 3186 484 3243 Josuae
519 3182 677 3258 respondit,
712 3182 945 3241 Excandescisne
977 3202 1042 3240 mea
1073 3182 1109 3241 de
1140 3188 1251 3242 eausa?

178 3264 297 3323 Utinam
319 3264 411 3323 omnis
432 3264 486 3322 Dei
506 3264 629 3339 populus
649 3263 792 3338 propheta
813 3267 903 3334 esset;
926 3264 981 3321 hoc
1002 3267 1055 3336 est,
1077 3262 1191 3322 utinam
1214 3264 1251 3322 ad

178 3343 208 3402 id
228 3345 335 3403 rediret
353 3345 401 3421 jus
421 3345 514 3403 Deum
535 3342 711 3414 consulendi,
734 3347 767 3400 ut
781 3362 902 3418 regnum
917 3343 994 3418 apud
1005 3342 1099 3418 ipsum
1111 3344 1250 3419 populum

179 3429 263 3482 esset.
295 3426 387 3484 Josua
417 3424 516 3501 itaque
541 3443 599 3482 non
618 3423 674 3499 jue,
697 3423 747 3480 sed
768 3422 907 3498 temporis
927 3422 1069 3482 rationem
1089 3422 1249 3498 ignoravit,

179 3509 209 3562 et
229 3504 292 3563 ideo
313 3525 331 3562 a
352 3507 432 3564 Mose
454 3504 623 3580 castigatur,
646 3503 721 3562 sicut
741 3502 875 3562 Abisaeus
896 3524 913 3561 a
934 3503 1054 3575 Davidc,
1074 3523 1138 3562 cum
1150 3523 1251 3579 regem

179 3584 290 3642 monuit
319 3590 352 3643 ut
380 3585 520 3661 Shimhgi,
543 3584 592 3661 qui
612 3588 690 3642 certe
712 3602 780 3641 reus
800 3583 961 3659 majestatis
982 3588 1054 3655 erat,
1077 3583 1180 3642 mortis
1203 3584 1252 3643 ‹la-

178 3669 307 3736 mnaret3
329 3665 387 3725 vid.
410 3666 437 3724 2.
461 3666 536 3724 Sam.
559 3684 621 3741 cap.
645 3665 693 3723 19.
715 3684 758 3722 vs.
782 3664 829 3736 22,
852 3665 899 3727 23.

210 3817 220 3836 ⁸
235 3817 262 3861 Μ
278 3817 375 3862 omittit
392 3822 499 3863 tantiam.
