2662 4298
529 345 666 383 emerem
689 344 790 385 Lxxx1.
1141 326 1200 384 427

122 533 166 571 >ex
198 533 296 571 earum
327 512 510 571 multitudine
541 513 769 584 concluderetur,
801 533 858 571 non
891 532 1041 588 possemus
1062 513 1199 588 majorem

127 593 254 669 partium
286 593 498 652 multitudinem
530 593 689 669 concipere,
721 594 771 652 sed
803 613 902 651 earum
923 593 1076 652 multitudo
1098 593 1202 668 quavis

129 675 199 731 data
230 674 348 732 deberet
375 693 438 732 esse
458 674 559 749 major,
581 675 656 749 quod
677 674 781 732 falsum
802 679 862 732 est:
885 693 951 730 nam
972 672 1003 731 in
1024 678 1085 731 toto
1107 673 1201 749 spatio

128 753 206 811 inter
238 754 309 812 duos
340 753 469 824 circulos,
503 754 618 819 diversa
648 759 748 812 centra
780 755 929 825 habentes,
955 754 1041 828 duplo
1062 754 1201 829 majorem

128 833 256 909 partium
288 834 499 892 multitudinem
521 833 696 909 concipimus
718 854 804 911 quam
824 834 855 892 in
876 834 1004 910 ejusdem
1026 833 1150 906 dimidio,
1172 839 1202 892 et

128 921 228 972 tamen
259 914 385 989 partium
411 934 556 984 numerus
578 919 638 972 tam
660 914 768 972 dimidii
789 934 874 990 quam
896 914 985 972 totius
1006 914 1102 990 spatii,
1124 914 1202 973 omni

128 993 298 1068 assignabili
330 1014 448 1052 numero
479 995 572 1069 major
603 999 656 1053 est.
688 995 780 1053 Porro
811 1014 848 1052 ex
876 994 1063 1064 Extensione,
1085 999 1118 1052 ut
1139 1014 1202 1052 eam

128 1074 277 1132 Oartesius
312 1074 445 1150 concipit,
473 1075 575 1132 molem
604 1074 713 1133 scilicet
741 1074 944 1150 quiescentem,
967 1094 1116 1150 corporum
1139 1074 1202 1132 exi·

129 1155 269 1212 stentism
302 1155 501 1213 demonstrare
532 1175 590 1214 non
612 1159 726 1213 tantum
741 1155 864 1228 difficile,
887 1159 920 1212 ut
940 1153 992 1228 ais,
1015 1155 1065 1213 sed
1087 1154 1202 1212 omnino

129 1234 305 1310 impossibile
336 1240 388 1294 est.
420 1235 545 1294 Materia
576 1235 651 1292 enim
684 1235 843 1311 quiescens,
876 1241 1014 1311 quantum
1044 1234 1074 1292 in
1095 1255 1126 1293 se
1148 1239 1201 1307 est,

129 1314 160 1372 in
192 1335 244 1373 sua
276 1315 372 1391 quiete
392 1317 599 1390 perseverabit,
622 1335 675 1373 nec
696 1315 733 1373 ad
753 1320 862 1373 motum
884 1314 1086 1386 concitabitur,
1108 1314 1164 1373 nisi
1185 1334 1203 1372 a

131 1414 220 1452 causa
251 1394 407 1470 potentiori
439 1399 576 1468 externa3
609 1401 639 1454 et
663 1397 718 1453 hac
739 1396 773 1453 de
795 1415 886 1453 causa
906 1415 963 1453 non
984 1395 1116 1453 dubitavi
1136 1395 1203 1453 olim

132 1475 286 1546 affirmare,
319 1495 415 1533 rerum
446 1477 622 1535 naturalium
644 1474 786 1551 principia
807 1475 976 1534 certesiana
996 1475 1110 1533 inutilia
1130 1494 1202 1547 esse,

130 1574 167 1612 ne
189 1554 281 1613 dicam
302 1556 437 1615 absurda.

111 1706 116 1716 .
162 1671 240 1728 Hagae
256 1671 272 1716 5
288 1671 357 1730 Msji,
376 1671 442 1716 1616.

374 2002 590 2059 Erlsrour
624 2001 762 2059 LXXXII
794 2002 963 2076 (summm)

354 2137 529 2194 deotissime
560 2135 786 2211 Doctissimoqoe
812 2136 982 2210 Philosopbo

595 2268 629 2325 B.
658 2286 686 2325 n.
712 2267 741 2325 S.

293 2400 486 2458 EHRENFR.
509 2399 665 2460 WALTH.
686 2401 738 2458 Du
759 2400 1042 2460 TSOHIRNHAUS.

254 2536 422 2593 Doctissime
448 2536 510 2606 Vir,

171 2670 283 2744 Velum,
316 2674 349 2728 ut
379 2670 434 2727 hac
464 2669 494 2727 in
525 2688 557 2727 re
588 2669 659 2727 mihi
691 2669 873 2745 gratificeris,
905 2668 1067 2741 indicando,
1097 2669 1204 2745 quiex

128 2755 271 2826 conceptu
292 2749 478 2808 Extensiouis
498 2750 655 2809 secundum
677 2755 743 2810 tuas
754 2751 956 2809 meditationes
966 2751 1094 2809 varietas
1107 2771 1203 2809 rerum

128 2851 147 2888 a
169 2830 257 2905 priori
285 2830 377 2907 possit
398 2831 520 2903 ostendi,
543 2831 773 2906 quandoquidem
795 2831 951 2889 meministi
972 2830 1116 2906 opinionis
1137 2831 1203 2890 Oar-

129 2910 205 2981 tesii,
226 2911 256 2968 in
279 2931 338 2987 qua
357 2909 504 2968 Cartesius
525 2909 637 2980 statuit,
660 2931 690 2968 se
711 2930 774 2969 eam
796 2930 830 2968 ex
851 2910 1030 2969 Extensione
1051 2912 1129 2969 nullo
1147 2911 1203 2969 alio

129 2991 215 3048 modo
247 2992 388 3049 deducere
413 3010 506 3065 posse,
529 3009 615 3065 quam
636 2990 832 3066 supponendo,
855 2995 935 3048 motu
956 3010 973 3048 a
994 2992 1055 3048 Deo
1077 2990 1203 3049 excitato

129 3072 186 3129 hoc
217 3072 349 3130 effectum
382 3070 471 3128 fuisse
502 3070 532 3128 in
562 3070 748 3128 Extensione.
772 3070 894 3128 Deducit
915 3089 985 3145 ergo
1003 3071 1090 3145 juxta
1110 3089 1204 3128 meam

129 3150 294 3225 opinionem
326 3171 479 3226 corporum
510 3150 696 3209 existentiam
727 3171 785 3208 non
817 3170 854 3208 ex
887 3150 1052 3227 quiescente
1072 3149 1203 3222 materia,

128 3231 186 3289 nisi
207 3232 283 3289 forte
305 3231 530 3306 suppositionem
551 3230 671 3288 motoris
691 3230 745 3288 Dei
765 3249 818 3305 pro
839 3229 929 3288 nihilo
950 3231 1090 3301 haberes;
1116 3250 1204 3305 quan-

129 3311 293 3387 doquidem,
327 3320 376 3387 qui
408 3311 477 3369 illud
510 3331 547 3369 ex
569 3311 694 3369 essentie
715 3311 768 3368 Dei
791 3330 808 3368 a
828 3310 919 3386 priori
939 3309 1101 3369 necessario
1122 3309 1204 3386 sequi

130 3393 244 3462 debeat,
267 3394 369 3450 abste
390 3411 448 3449 non
470 3390 508 3449 sit
533 3396 697 3461 ostensum;
719 3390 748 3449 id
770 3392 846 3466 quod
868 3390 1015 3450 Cartesius
1036 3395 1205 3448 ostensurus

131 3477 247 3546 captum
279 3473 436 3531 humanum
468 3491 606 3547 superare
638 3472 782 3529 credebat.
816 3471 911 3541 Quare
942 3491 959 3528 a
989 3476 1019 3528 te
1040 3472 1115 3529 hanc
1144 3489 1204 3528 rem

130 3551 255 3627 requir0,
288 3551 381 3611 sciens
412 3555 495 3613 bene.
528 3556 558 3610 te
589 3551 661 3609 alias
693 3550 885 3625 cogitationes
916 3552 1032 3622 habere,
1066 3550 1121 3609 nisi
1149 3551 1206 3609 alia

130 3631 242 3690 sontica
275 3632 367 3690 subsit
398 3633 473 3690 forte
507 3652 602 3700 causa,
631 3650 722 3707 quare
744 3631 813 3689 illud
835 3632 976 3690 hactenus
999 3631 1205 3706 magnifestum

130 3713 227 3771 facere
248 3712 391 3784 nolueris;
413 3717 443 3770 et
463 3711 489 3770 si
510 3713 572 3783 hoc,
596 3713 631 3770 de
652 3731 709 3787 quo
730 3731 788 3769 non
809 3711 917 3782 dubito,
940 3731 998 3770 non
1010 3711 1204 3787 opusfuisset,

131 3793 190 3851 tale
222 3792 291 3868 quid
323 3795 444 3852 obscure
472 3792 624 3851 indicares.
647 3792 702 3850 Sed
724 3797 803 3850 certo
826 3791 877 3861 tibi
898 3811 1066 3867 persuasum
1087 3794 1208 3863 habeas„
