2662 4298
558 355 697 394 uersuum
719 357 777 394 arv.
1144 345 1201 403 369

131 541 218 598 posse
245 523 321 580 clare
349 521 450 591 dicam,
478 522 544 597 quid
571 524 606 580 de
634 523 793 581 rationibus
814 528 844 582 et
864 525 992 584 historiis
1013 529 1143 601 sentiam,
1166 550 1204 589 ex

134 601 239 678 quibus
270 605 362 660 omnis
390 606 510 678 panerio,
541 605 590 660 sed
621 604 713 661 nullos
743 606 818 677 forte
838 607 984 678 foeminini
1003 613 1113 683 poneris
1134 613 1203 669 dori

133 684 271 740 Lemures
301 682 456 741 concludis.
490 683 592 754 Causa,
624 702 676 741 cur
706 683 791 743 eitius
822 705 880 742 non
910 688 1115 761 responderim,
1147 696 1200 762 est,

77 806 79 811 ,
134 763 211 838 quod
242 762 263 820 ii
292 763 365 833 libri,
399 782 470 837 quos
501 763 581 836 citas,
613 764 650 822 ad
683 784 798 822 manum
829 785 887 822 non
916 773 992 837 sunt,
1021 788 1074 827 nee
1094 776 1203 844 praeter

102 838 111 867 Ι

132 842 258 901 Plinium
289 847 319 900 et
350 843 518 901 Suetonium
549 844 623 903 ullos
654 845 756 919 reperi.
790 845 844 904 Sed
876 845 906 903 hi
935 847 991 905 duo
1012 849 1110 907 labore
1132 851 1202 910 alios

132 923 295 998 inquirendi
327 943 372 981 me
404 924 606 995 sublevabunt,
638 925 706 999 quia
735 925 806 983 mihi
837 928 1005 1001 persuadeo,
1034 948 1083 986 eos
1104 950 1202 989 omnes

134 1005 234 1061 eodem
265 1003 348 1061 modo
380 1003 511 1074 delirare,
538 1009 568 1062 et
590 1004 726 1062 historias
746 1025 842 1064 rerum
864 1025 921 1063 non
943 1008 1114 1083 vulgarium,
1137 1031 1201 1086 quaa

133 1083 264 1141 homines
285 1083 424 1142 attonitos
445 1084 578 1154 reddunt,
601 1085 685 1143 acin
706 1085 925 1143 admirationem
945 1088 1071 1163 rapiunt,
1094 1110 1200 1150 amare.

132 1165 240 1222 Fateor
267 1184 313 1222 me
338 1184 397 1222 non
417 1185 529 1239 parum,
551 1184 610 1222 non
630 1164 775 1237 historias,
797 1186 861 1241 quae
883 1173 1049 1240 narrantur,
1071 1171 1121 1228 sed
1143 1191 1200 1243 eos,

133 1244 183 1319 qui
215 1263 264 1302 eas
295 1245 433 1317 scribunt,
464 1245 654 1320 obstupuisse.
681 1245 772 1303 Miror
792 1246 887 1316 Viros,
909 1247 1025 1322 ingenio
1047 1254 1077 1312 et
1094 1250 1202 1324 judicio

132 1324 280 1399 praeditos,
312 1325 476 1383 facundiam
508 1345 589 1384 suam
616 1325 768 1396 insumere,
790 1331 820 1384 et
842 1346 884 1396 ea,
906 1333 938 1385 ut
958 1328 1041 1386 nobis
1061 1330 1202 1404 ejusmodi

132 1425 227 1478 nugas
247 1406 448 1480 persuadeant,
471 1405 560 1464 abuti.

174 1486 320 1543 Authores
351 1505 420 1543 vero
441 1485 543 1543 missos
563 1485 711 1556 faciamus,
733 1491 763 1543 et
782 1506 843 1544 rem
863 1487 955 1563 ipsam
977 1489 1199 1563 aggrediamur:

131 1564 224 1640 primo
252 1565 357 1623 etenim
383 1565 565 1624 ratiocinium
586 1585 680 1624 meum
701 1565 778 1624 cirea
798 1568 1010 1626 conclusionem
1031 1574 1111 1627 tuam
1132 1591 1200 1646 pau·

131 1645 220 1720 lisper
250 1645 423 1704 versabitur.
456 1646 622 1716 Videamus,
654 1666 692 1704 an
723 1666 786 1721 ego,
819 1647 867 1722 qui
894 1668 978 1723 nego,
1005 1649 1125 1724 Spectra
1150 1656 1201 1709 aut

131 1725 255 1800 Spiritus
288 1726 359 1795 dari,
394 1746 427 1784 eo
459 1726 554 1784 minus
584 1726 656 1785 istos
681 1727 851 1802 Scriptores,
878 1729 926 1803 qui
952 1729 987 1786 de
1008 1731 1062 1787 hoc
1083 1731 1200 1805 negotio

132 1805 320 1881 scripserunt,
352 1806 527 1882 intelligam;
560 1827 598 1865 an
629 1812 669 1877 tu,
702 1807 750 1882 qui
782 1828 816 1866 ea
847 1809 971 1867 existere
1002 1810 1115 1881 statuis,
1147 1813 1201 1870 hos

133 1886 290 1961 scriptores
321 1906 378 1944 non
409 1887 509 1962 pluris,
542 1906 627 1962 quam
657 1892 813 1959 merentur,
843 1888 942 1947 faciae.
976 1889 1058 1959 Quod
1085 1892 1122 1949 ab
1143 1912 1202 1950 una

130 1971 214 2041 parte
242 1966 366 2042 Spiritus
387 1968 449 2025 dari
470 1967 621 2025 masculini
643 1967 757 2041 generis
777 1967 808 2025 in
828 1968 944 2026 dubium
967 1989 1025 2027 non
1046 1986 1141 2041 voees,
1163 1973 1199 2029 ab

132 2047 225 2105 altera
246 2066 315 2105 vero
336 2052 428 2122 parte.
450 2068 488 2106 an
508 2047 528 2105 ii
543 2047 684 2106 foeminini
698 2048 813 2122 generis
827 2048 886 2106 sint
900 2049 1022 2120 dubites,
1037 2050 1200 2125 phantasiae

131 2146 216 2201 quam
239 2127 412 2185 dubitationi
434 2127 554 2185 similius
575 2127 704 2186 videtur:
727 2148 794 2185 nam
815 2128 839 2185 si
861 2130 924 2187 haec
938 2134 989 2187 tua
1003 2135 1080 2188 esset
1094 2131 1199 2206 opinio,

130 2207 225 2281 magis
256 2226 291 2265 ea
321 2227 385 2265 oum
418 2207 499 2282 vulgi
530 2207 745 2282 imaginatione,
779 2209 828 2283 qui
849 2209 942 2267 Deum
963 2209 1122 2281 masculini,
1141 2231 1199 2269 non

130 2306 201 2345 vero
233 2288 371 2347 foeminini
399 2288 513 2362 generis
538 2308 601 2347 esse
622 2288 733 2360 statuit,
755 2288 910 2347 convenire
930 2290 1086 2348 rideretur.
1109 2291 1200 2350 Miror

130 2387 193 2443 eos,
230 2368 278 2442 qui
310 2368 430 2443 Spectra
462 2370 539 2427 nuda
570 2388 755 2443 conspexere,
784 2370 881 2427 oculos
910 2369 941 2427 in
973 2370 1111 2444 genitalia
1141 2392 1199 2430 non

131 2448 296 2524 conjecisse,
328 2450 404 2506 forte
433 2468 495 2525 prae
527 2448 640 2520 timore,
672 2448 718 2507 vel
748 2468 810 2524 prae
838 2449 1006 2524 ignorantia
1034 2452 1120 2526 hujus
1141 2451 1199 2510 dis-

131 2527 266 2586 criminis.
299 2529 435 2604 Regeres,
467 2531 522 2587 hoc
554 2533 599 2587 est
631 2529 732 2600 ridere,
763 2549 821 2587 non
843 2535 939 2588 autem
961 2530 1147 2602 ratiocinari;
1169 2535 1199 2590 et

130 2608 199 2666 hine
229 2608 322 2683 video,
355 2614 420 2667 tuas
451 2609 579 2668 rationes
610 2615 670 2668 tam
698 2609 809 2668 validas
830 2615 947 2686 tamque
968 2613 1040 2670 bene
1061 2612 1198 2671 fundatas

129 2688 185 2746 tibi
205 2689 305 2758 videri,
326 2694 360 2746 ut
379 2690 414 2747 iis
436 2709 519 2748 nemo
541 2693 603 2763 (tuo
624 2691 727 2749 saltem
744 2691 863 2766 judicio)
887 2692 1084 2750 contradicere
1100 2696 1197 2768 queat,

130 2769 187 2826 nisi
217 2788 353 2844 perverse
384 2770 496 2844 aliquis,
528 2772 668 2829 Mundum
696 2771 816 2829 fortuito
843 2772 952 2829 factum
978 2792 1049 2843 esse,
1071 2777 1197 2848 putaret.

134 2849 197 2906 Hoc
227 2850 329 2925 ipsum,
362 2854 517 2926 antequam
537 2852 736 2926 praecedentes
756 2855 822 2909 tuas
843 2852 976 2909 examino
996 2852 1132 2922 rationes,
1154 2873 1199 2911 me

130 2935 227 3004 urget,
250 2935 281 2988 ut
302 2930 429 2989 breviter
449 2950 542 2988 meam
563 2932 598 2989 de
611 2932 667 2989 hac
681 2931 823 3006 positione
837 2931 1010 3006 opinionem,
1025 2951 1062 2990 an
1077 2933 1200 2990 mundus

128 3010 250 3068 fortuito
281 3009 321 3068 sit
352 3016 476 3082 oreatus,
508 3031 676 3087 proponam.
704 3012 874 3086 Respondeo
902 3031 981 3078 vero,
1008 3013 1093 3086 quod,
1115 3011 1200 3070 sicuti

128 3094 240 3148 certum
267 3095 320 3160 est,
349 3092 516 3150 Fortuitum
542 3096 572 3149 et
598 3092 797 3150 Necessarium
819 3092 875 3149 duo
897 3111 960 3149 esse
981 3092 1134 3162 contraria,
1157 3091 1200 3151 ita

128 3168 313 3229 manifestum
341 3171 428 3229 etiam
460 3176 512 3241 est,
542 3191 616 3243 eum,
645 3171 694 3247 qui
721 3172 857 3229 mundum
879 3171 1073 3230 necessarium
1093 3171 1199 3230 divinae

129 3250 251 3309 Naturae
281 3251 413 3310 effectum
441 3251 575 3322 affirmat,
597 3251 713 3310 omnino
734 3251 820 3309 etiam
841 3252 979 3309 mundum
1001 3270 1070 3310 casu
1090 3252 1199 3309 factum

128 3350 192 3389 esse
221 3350 346 3406 negare;
374 3331 454 3390 illum
483 3337 588 3402 autem,
617 3332 665 3407 qui
693 3331 827 3402 affirmat,
856 3332 948 3389 Deum
969 3331 1097 3407 potuisse
1119 3351 1198 3395 crea-

129 3411 236 3469 tionem
267 3412 368 3469 mundi
395 3412 537 3480 omittere,
566 3413 744 3485 confirmare,
773 3411 840 3469 licet
864 3411 928 3470 aliis
948 3411 1055 3483 verbis,
1077 3412 1198 3469 eundem

128 3511 198 3549 casu
236 3492 344 3550 factum
382 3491 487 3559 fuisse;
523 3492 658 3568 quoniam
689 3512 707 3550 a
737 3493 896 3562 voluntate,
929 3511 994 3566 quae
1024 3492 1104 3550 nulla
1135 3511 1197 3550 esse

127 3575 251 3647 poterat,
290 3572 439 3648 processit.
473 3572 547 3642 Quia
577 3592 647 3631 vero
678 3573 742 3631 haec
773 3572 869 3648 opinio
901 3573 1022 3647 haecque
1052 3572 1197 3630 sententia

127 3651 243 3727 penitus
264 3654 389 3711 absurda
410 3658 463 3724 est,
485 3654 574 3728 vulgo
595 3652 778 3723 unanimiter,
794 3652 847 3711 Dei
862 3653 1041 3711 voluntatem
1057 3657 1197 3711 aeternam

127 3752 161 3790 ac
200 3752 346 3808 nunquam
384 3733 596 3792 indifferentem
633 3733 732 3803 tasse,
766 3734 944 3805 concedunt;
979 3737 1010 3791 et
1042 3738 1198 3809 propterea

126 3813 290 3888 necessario
311 3833 423 3889 quoque
444 3814 551 3872 debent
569 3813 672 3888 largiri
693 3814 781 3887 (Nota
800 3816 894 3885 bene),
916 3814 1053 3871 mundum
1075 3813 1195 3871 Naturae

167 3919 208 3977 ΙΙ.
1039 3920 1077 3977 24
