2662 4298
549 351 686 391 66166666
712 352 773 391 mu.
1135 334 1191 390 367

127 519 342 582 insanientibus
373 538 458 593 quam
483 517 561 576 sanis
581 519 741 593 profectum
763 517 859 575 fuisse.
882 517 989 575 Verum
1010 521 1054 576 est
1071 537 1194 593 prover-

128 603 217 671 bium,
242 600 317 676 quod
339 598 471 657 videlicet
491 602 694 673 praeoccupata
714 597 809 673 opinio
831 597 962 656 veritatis
979 597 1195 672 indagationem

132 681 260 758 impedit.

170 763 261 821 Credo
281 759 371 834 igitur
391 758 437 816 his
457 759 493 817 de
514 758 608 816 causis
628 759 748 834 Spectra
769 758 839 816 dari.
863 757 959 816 Primo
981 757 1048 833 quia
1069 758 1106 815 ad
1134 756 1193 815 uni·

129 842 207 901 versi
227 839 468 917 pulchritudinem
489 858 523 897 ac
543 839 755 914 perfectionem,
777 843 811 896 ut
831 838 897 909 sint,
912 838 1047 913 pertinet.
1063 837 1193 896 Secundo

131 923 199 999 quia
230 920 383 979 verisimile
413 924 458 977 est
479 925 637 977 creatorem
658 938 693 977 ea
714 938 835 989 creasse,
857 918 925 994 quia
945 918 1008 989 sibi,
1030 938 1116 993 quam
1137 937 1197 976 cor·

130 1022 227 1079 pereae
259 1005 409 1068 creaturae,
433 998 570 1057 similiora
590 1004 666 1057 sunt.
688 999 786 1057 Tertio
806 999 882 1074 quia,
904 997 988 1056 sicuti
1009 1018 1113 1074 corpus
1134 998 1196 1056 siue

131 1083 236 1152 anima,
268 1081 309 1138 ita
339 1080 427 1138 etiam
459 1078 555 1137 anima
586 1080 647 1138 sine
672 1099 790 1154 corpore
811 1079 919 1137 existit.
943 1079 1052 1148 Quarto
1073 1079 1196 1154 denique

131 1163 200 1237 quia
219 1163 250 1220 in
271 1180 403 1236 supremo
424 1165 499 1229 aere,
521 1161 592 1231 loco,
615 1161 661 1218 vel
683 1159 785 1235 spatio,
808 1159 916 1217 nullum
928 1161 1080 1218 obscurum
1094 1178 1198 1233 corpus

132 1262 204 1313 esse,
236 1241 304 1317 quin
334 1260 402 1299 6666
428 1239 558 1298 obtineat
588 1240 774 1310 habitatores,
806 1239 955 1310 existimo;
977 1243 1007 1298 et
1027 1258 1078 1314 per
1099 1258 1196 1296 couse-

134 1343 234 1398 quenS,
265 1320 506 1390 immensurabile,
539 1322 613 1394 quod
644 1320 720 1378 iuter
751 1340 804 1378 nos
831 1324 967 1395 astraque
988 1331 1041 1390 est,
1064 1318 1197 1394 spatium,

132 1424 191 1462 nou
220 1421 353 1471 vacuum,
385 1401 435 1458 sed
456 1400 610 1475 Spiritibus
629 1400 840 1459 habitatoribus
860 1401 1002 1475 repletum
1022 1418 1101 1469 esse3
1123 1400 1198 1457 forte

134 1482 238 1542 summi
268 1487 298 1540 et
318 1480 499 1539 remotissimi
519 1481 582 1539 veri
603 1480 734 1556 Spiritus,
755 1480 846 1539 infimi
867 1500 935 1538 vero
956 1480 986 1537 in
1006 1479 1103 1537 infimo
1132 1488 1199 1537 aere

133 1567 274 1622 creaturae
295 1566 363 1620 sunt
382 1560 551 1619 substantiae
572 1561 763 1619 subtilissimae
784 1566 814 1619 et
827 1559 1012 1631 tenuissimae,
1024 1559 1199 1634 insuperque

131 1642 292 1702 invisibilis.
325 1641 435 1716 Opinor
464 1641 554 1715 igitur
585 1641 676 1699 omnis
708 1641 830 1715 generis,
863 1642 912 1699 sed
944 1639 1076 1699 fortassis
1104 1640 1198 1698 nullos

133 1722 283 1793 foeminini,
305 1722 368 1780 dari
388 1721 520 1797 Spiritus.

176 1805 238 1861 Hoc
270 1802 450 1860 ratiocinium
482 1821 539 1873 eos,
571 1801 620 1876 qui
649 1803 786 1860 mundum
820 1801 939 1860 fortuito
974 1805 1103 1859 creatum
1137 1819 1200 1858 esse

134 1889 243 1941 temere
274 1883 403 1951 credunt,
435 1883 600 1940 nullatenus
630 1882 790 1940 convincet.
813 1881 987 1951 Quotidiaua
1007 1881 1133 1956 insuper,
1154 1879 1201 1937 his

133 1963 229 2022 missis
261 1962 429 2035 rationibus
462 1962 581 2037 Spectra
612 1962 682 2032 dari,
715 1961 841 2020 ostendit
869 1961 1057 2037 experientia,
1079 1979 1200 2036 quorum

134 2045 241 2115 multa,
273 2047 332 2101 tam
361 2062 445 2101 novae
476 2062 562 2117 quam
590 2042 724 2116 antiquae,
747 2041 873 2100 historiae
895 2041 1050 2099 etiamnum
1072 2043 1198 2098 exstant.

134 2124 297 2182 Videantur
327 2124 428 2180 horum
458 2121 586 2180 historiae
618 2123 693 2197 apud
718 2123 901 2180 Plutarchum
921 2121 952 2178 in
972 2120 1044 2179 libro
1066 2121 1102 2178 de
1122 2118 1202 2177 Viris

133 2203 303 2275 illustribus
324 2203 444 2278 aliisque
465 2202 527 2276 ejus
547 2202 696 2277 operibus;
718 2201 884 2260 Suetonium
905 2201 935 2259 in
956 2201 1033 2258 Vitis
1043 2200 1198 2274 Caesarum,

136 2304 190 2342 nec
219 2303 278 2341 non
309 2283 385 2358 apud
416 2283 546 2340 Wierum
577 2287 606 2340 et
629 2283 805 2340 Lavaterum
820 2281 885 2339 *in
906 2280 987 2339 libris
1009 2282 1044 2339 de
1065 2279 1200 2356 Spectas,

136 2364 185 2439 qui
206 2364 241 2421 de
264 2364 319 2421 hac
339 2363 462 2421 materia
482 2363 593 2438 prolixe
614 2367 744 2437 egerunt,
768 2367 797 2420 et
817 2381 856 2419 ex
875 2361 967 2420 omnis
989 2360 1102 2436 generis
1116 2359 1202 2435 scrip·

136 2444 249 2502 toribus
270 2463 320 2502 eas
344 2448 560 2517 congesserunt.
582 2443 740 2514 Cardenus,
763 2444 799 2501 ob
820 2441 1008 2501 eruditionem
1029 2461 1111 2499 suam
1131 2441 1201 2498 cele-

138 2524 290 2594 berrimus,
322 2524 409 2581 etiam
430 2524 466 2581 de
485 2523 521 2580 iis
540 2523 570 2581 in
591 2523 671 2581 libris
692 2525 727 2581 de
749 2524 918 2592 Subtilitate,
945 2523 1095 2591 Varietate,
1117 2525 1146 2579 et
1167 2521 1202 2578 de

145 2606 212 2662 Vita
242 2623 296 2662 666
325 2603 461 2679 loquitur,
488 2603 538 2662 ubi
558 2624 591 2662 ea
612 2603 675 2672 sibi,
697 2602 837 2678 cognatis
859 2602 1014 2677 amicisque
1035 2600 1202 2678 apparuisse

139 2683 321 2759 experientia
341 2684 477 2742 ostendit.
499 2685 677 2755 Melanthea,
698 2684 752 2742 Vir
771 2685 898 2759 prudens
911 2687 941 2741 et
951 2682 1083 2742 veritatis
1092 2701 1201 2749 amans,

139 2769 169 2822 et
190 2764 239 2822 alii
259 2783 316 2821 666
338 2764 431 2839 66661,
453 2764 489 2822 de
509 2764 569 2822 suis
588 2769 735 2823 testantur
755 2764 949 2840 experientiis.
970 2763 1077 2823 Consul
1088 2761 1202 2838 quidam

139 2844 194 2902 Vir
225 2845 336 2901 Doctus
366 2849 396 2902 et
426 2844 555 2919 Sapiens,
588 2844 694 2919 quique
715 2845 809 2902 adhuc
828 2845 858 2902 in
879 2844 955 2903 vivis
975 2849 1027 2914 est,
1049 2842 1203 2917 aliquando

139 2924 210 2982 mihi
241 2923 380 2993 narravit,
406 2925 441 2982 de
462 2930 546 2982 nocte
565 2924 608 2982 ita
629 2924 720 2982 audiri
742 2944 814 2999 opus
833 2924 863 2981 in
884 2923 988 2982 Matris
1008 2943 1068 2981 suae
1090 2922 1204 2980 officina

141 3003 325 3063 cerevisiaria
343 3004 451 3079 perfici,
472 3005 708 3079 quemadmodum
729 3003 798 3062 illud
819 3005 855 3062 de
872 3004 926 3074 die,
941 3003 1054 3078 quando
1066 3001 1204 3060 cerevisia

140 3087 327 3159 coquebatur,
360 3085 579 3155 absolvebatur3
612 3084 680 3159 quin
704 3085 759 3142 hoc
780 3084 886 3159 saepius
906 3085 1014 3142 factum
1035 3101 1097 3140 esse
1117 3085 1203 3139 testa·

140 3167 237 3224 batur.
272 3164 351 3222 Idem
372 3165 442 3222 mihi
463 3165 632 3240 saepiuscule
652 3163 782 3238 contigit,
805 3165 880 3239 quod
901 3183 1048 3238 nunquam
1068 3161 1205 3220 memoria

141 3245 270 3314 excidet3
293 3245 364 3302 adeo
385 3249 418 3302 ut
438 3245 483 3304 his
504 3244 716 3320 experimentis,
738 3244 879 3319 dictisque
899 3243 1066 3314 rationibus,
1086 3242 1205 3318 Spectra

140 3325 204 3383 dari
225 3324 320 3383 victus
344 3324 406 3383 sim.

182 3405 328 3475 Quantum
359 3406 395 3463 ad
427 3405 550 3480 Spiritus
570 3406 669 3476 malos,
691 3405 741 3481 qui
760 3405 880 3463 miseros
900 3403 1030 3462 homines
1050 3402 1080 3460 16
1101 3403 1156 3460 hac
1176 3406 1206 3460 et

141 3489 208 3560 post
229 3485 305 3543 hanc
325 3484 415 3543 vitam
438 3490 584 3562 torquent,
606 3505 659 3543 nec
680 3505 737 3544 non
757 3485 882 3560 magiam
903 3483 1017 3551 attinet,
1039 3482 1205 3558 egoharum

175 3687 188 3713 ¹³
206 3689 264 3736 Joh.
281 3689 361 3736 Wieri
379 3661 553 3746 (151541588)
570 3688 653 3748 Opera
669 3689 754 3733 onmia
770 3688 853 3733 denuo
865 3687 934 3732 edita
942 3689 1015 3732 erant
1023 3683 1206 3732 Amstelodami

143 3752 319 3861 21:2qussssng
322 3781 366 3860 0--l
369 3752 450 3860 bgioud.
475 3751 594 3797 Lavateri
616 3751 728 3797 litarde
746 3750 865 3810 Speetris‚
882 3749 1029 3804 lemuribus,
1045 3752 1093 3794 etc.
1111 3746 1207 3806 prodiit
