<?xml version="1.0" encoding="UTF-8"?>
<!DOCTYPE html PUBLIC "-//W3C//DTD XHTML 1.0 Transitional//EN"
    "http://www.w3.org/TR/xhtml1/DTD/xhtml1-transitional.dtd">
<html xmlns="http://www.w3.org/1999/xhtml" xml:lang="en" lang="en">
 <head>
  <title>
</title>
<meta http-equiv="Content-Type" content="text/html;charset=utf-8" />
  <meta name='ocr-system' content='tesseract 3.04.00' />
  <meta name='ocr-capabilities' content='ocr_page ocr_carea ocr_par ocr_line ocrx_word'/>
</head>
<body>
  <div class='ocr_page' id='page_1' title='image "./operaquotquotre00landgoog_0412.png"; bbox 0 0 2662 4298; ppageno 0'>
   <div class='ocr_carea' id='block_1_1' title="bbox 540 329 1208 389">
    <p class='ocr_par' dir='ltr' id='par_1_1' title="bbox 540 329 1208 389">
     <span class='ocr_line' id='line_1_1' title="bbox 540 329 1208 389; baseline -0.003 -1"><span class='ocrx_word' id='word_1_1' title='bbox 540 349 679 388; x_wconf 74' lang='lat' dir='ltr'>arrsronn</span> <span class='ocrx_word' id='word_1_2' title='bbox 700 349 800 389; x_wconf 73' lang='lat' dir='ltr'>cxxvi.</span> <span class='ocrx_word' id='word_1_3' title='bbox 1152 329 1208 387; x_wconf 83' lang='lat'>421</span> 
     </span>
    </p>
   </div>
   <div class='ocr_carea' id='block_1_2' title="bbox 135 513 1209 986">
    <p class='ocr_par' dir='ltr' id='par_1_2' title="bbox 138 513 1208 591">
     <span class='ocr_line' id='line_1_2' title="bbox 138 513 1208 591; baseline 0.002 -20"><span class='ocrx_word' id='word_1_4' title='bbox 138 514 285 572; x_wconf 79' lang='lat' dir='ltr'>Historias</span> <span class='ocrx_word' id='word_1_5' title='bbox 307 516 439 590; x_wconf 84' lang='lat' dir='ltr'>(quarum</span> <span class='ocrx_word' id='word_1_6' title='bbox 460 520 490 574; x_wconf 85' lang='lat' dir='ltr'>te</span> <span class='ocrx_word' id='word_1_7' title='bbox 510 515 726 591; x_wconf 83' lang='lat' dir='ltr'>ignarissimum</span> <span class='ocrx_word' id='word_1_8' title='bbox 746 516 840 586; x_wconf 83' lang='lat' dir='ltr'>video)</span> <span class='ocrx_word' id='word_1_9' title='bbox 863 514 1039 586; x_wconf 88' lang='lat' dir='ltr'>examinare,</span> <span class='ocrx_word' id='word_1_10' title='bbox 1055 513 1208 584; x_wconf 88' lang='lat' dir='ltr'>utvideas,</span> 
     </span>
    </p>

    <p class='ocr_par' dir='ltr' id='par_1_3' title="bbox 135 594 1209 671">
     <span class='ocr_line' id='line_1_3' title="bbox 135 594 1209 671; baseline 0 -19"><span class='ocrx_word' id='word_1_11' title='bbox 135 615 224 670; x_wconf 89' lang='lat' dir='ltr'>quam</span> <span class='ocrx_word' id='word_1_12' title='bbox 255 595 328 653; x_wconf 87' lang='lat' dir='ltr'>falso</span> <span class='ocrx_word' id='word_1_13' title='bbox 360 595 504 654; x_wconf 90' lang='lat' dir='ltr'>Pontificii</span> <span class='ocrx_word' id='word_1_14' title='bbox 525 596 650 671; x_wconf 88' lang='lat' dir='ltr'>plurima</span> <span class='ocrx_word' id='word_1_15' title='bbox 670 597 799 667; x_wconf 90' lang='lat' dir='ltr'>tradunt,</span> <span class='ocrx_word' id='word_1_16' title='bbox 822 615 838 654; x_wconf 93' lang='lat' dir='ltr'>e</span> <span class='ocrx_word' id='word_1_17' title='bbox 873 615 930 671; x_wconf 91' lang='lat' dir='ltr'>quo</span> <span class='ocrx_word' id='word_1_18' title='bbox 952 595 1022 664; x_wconf 88' lang='lat' dir='ltr'>fato,</span> <span class='ocrx_word' id='word_1_19' title='bbox 1046 594 1209 670; x_wconf 85' lang='lat' dir='ltr'>quibusque</span> 
     </span>
    </p>

    <p class='ocr_par' dir='ltr' id='par_1_4' title="bbox 136 674 1209 751">
     <span class='ocr_line' id='line_1_4' title="bbox 136 674 1209 751; baseline 0 -19"><span class='ocrx_word' id='word_1_20' title='bbox 136 675 250 734; x_wconf 92' lang='lat' dir='ltr'>artibus</span> <span class='ocrx_word' id='word_1_21' title='bbox 280 674 341 751; x_wconf 90' lang='lat' dir='ltr'>ipse</span> <span class='ocrx_word' id='word_1_22' title='bbox 373 677 520 734; x_wconf 87' lang='lat' dir='ltr'>Romanus</span> <span class='ocrx_word' id='word_1_23' title='bbox 551 676 689 734; x_wconf 82' lang='lat' dir='ltr'>Pontifex</span> <span class='ocrx_word' id='word_1_24' title='bbox 720 681 785 751; x_wconf 89' lang='lat' dir='ltr'>post</span> <span class='ocrx_word' id='word_1_25' title='bbox 806 680 960 734; x_wconf 88' lang='lat' dir='ltr'>sexcentos</span> <span class='ocrx_word' id='word_1_26' title='bbox 982 676 1094 733; x_wconf 89' lang='lat' dir='ltr'>demum</span> <span class='ocrx_word' id='word_1_27' title='bbox 1117 694 1209 732; x_wconf 88' lang='lat' dir='ltr'>annos</span> 
     </span>
    </p>

    <p class='ocr_par' dir='ltr' id='par_1_5' title="bbox 135 754 1207 832">
     <span class='ocr_line' id='line_1_5' title="bbox 135 754 1207 832; baseline 0 -20"><span class='ocrx_word' id='word_1_28' title='bbox 135 775 155 812; x_wconf 88' lang='lat' dir='ltr'>a</span> <span class='ocrx_word' id='word_1_29' title='bbox 186 755 300 814; x_wconf 81' lang='lat' dir='ltr'>Christo</span> <span class='ocrx_word' id='word_1_30' title='bbox 332 761 401 814; x_wconf 87' lang='lat' dir='ltr'>nato</span> <span class='ocrx_word' id='word_1_31' title='bbox 427 757 561 816; x_wconf 81' lang='lat' dir='ltr'>Ecclesiae</span> <span class='ocrx_word' id='word_1_32' title='bbox 582 756 777 832; x_wconf 78' lang='lat' dir='ltr'>principatum</span> <span class='ocrx_word' id='word_1_33' title='bbox 799 757 920 831; x_wconf 88' lang='lat' dir='ltr'>adeptus</span> <span class='ocrx_word' id='word_1_34' title='bbox 942 760 995 825; x_wconf 89' lang='lat' dir='ltr'>est,</span> <span class='ocrx_word' id='word_1_35' title='bbox 1018 774 1076 812; x_wconf 92' lang='lat' dir='ltr'>non</span> <span class='ocrx_word' id='word_1_36' title='bbox 1099 754 1207 826; x_wconf 91' lang='lat' dir='ltr'>dubito,</span> 
     </span>
    </p>

    <p class='ocr_par' dir='ltr' id='par_1_6' title="bbox 135 835 1207 986">
     <span class='ocr_line' id='line_1_6' title="bbox 135 835 1207 972; baseline 0.001 -80"><span class='ocrx_word' id='word_1_37' title='bbox 135 835 207 972; x_wconf 66' lang='lat' dir='ltr'>qpiln</span> <span class='ocrx_word' id='word_1_38' title='bbox 242 836 359 894; x_wconf 88' lang='lat' dir='ltr'>tandem</span> <span class='ocrx_word' id='word_1_39' title='bbox 394 837 554 911; x_wconf 85' lang='lat' dir='ltr'>resipiscas</span> <span class='ocrx_word' id='word_1_40' title='bbox 591 837 673 906; x_wconf 83' lang='lat' dir='ltr'>Quod</span> <span class='ocrx_word' id='word_1_41' title='bbox 704 842 737 896; x_wconf 88' lang='lat' dir='ltr'>ut</span> <span class='ocrx_word' id='word_1_42' title='bbox 768 838 820 894; x_wconf 88' lang='lat' dir='ltr'>fiat</span> <span class='ocrx_word' id='word_1_43' title='bbox 850 835 903 894; x_wconf 92' lang='lat' dir='ltr'>tibi</span> <span class='ocrx_word' id='word_1_44' title='bbox 931 855 969 894; x_wconf 88' lang='lat' dir='ltr'>ex</span> <span class='ocrx_word' id='word_1_45' title='bbox 1002 835 1097 894; x_wconf 90' lang='lat' dir='ltr'>animo</span> <span class='ocrx_word' id='word_1_46' title='bbox 1130 839 1207 910; x_wconf 88' lang='lat' dir='ltr'>opto.</span> 
     </span>
     <span class='ocr_line' id='line_1_7' title="bbox 168 921 299 986; baseline 0.015 -14"><span class='ocrx_word' id='word_1_47' title='bbox 168 935 221 986; x_wconf 87' lang='lat' dir='ltr'>ae,</span> <span class='ocrx_word' id='word_1_48' title='bbox 244 921 299 974; x_wconf 89' lang='lat' dir='ltr'>etc.</span> 
     </span>
    </p>
   </div>
   <div class='ocr_carea' id='block_1_3' title="bbox 315 1252 1030 1765">
    <p class='ocr_par' dir='ltr' id='par_1_7' title="bbox 315 1252 1030 1765">
     <span class='ocr_line' id='line_1_8' title="bbox 385 1252 956 1326; baseline -0.002 -15"><span class='ocrx_word' id='word_1_49' title='bbox 385 1255 603 1312; x_wconf 73' lang='lat' dir='ltr'>Er1sronu</span> <span class='ocrx_word' id='word_1_50' title='bbox 623 1253 762 1312; x_wconf 85' lang='lat' dir='ltr'>LXXVII</span> <span class='ocrx_word' id='word_1_51' title='bbox 784 1255 861 1326; x_wconf 71' lang='lat' dir='ltr'>(OHM</span> <span class='ocrx_word' id='word_1_52' title='bbox 877 1252 956 1326; x_wconf 59' lang='lat' dir='ltr'>mv),</span> 
     </span>
     <span class='ocr_line' id='line_1_9' title="bbox 544 1405 804 1462; baseline -0.004 0"><span class='ocrx_word' id='word_1_53' title='bbox 544 1405 612 1462; x_wconf 81' lang='lat' dir='ltr'>Vtro</span> <span class='ocrx_word' id='word_1_54' title='bbox 637 1406 804 1462; x_wconf 79' lang='lat' dir='ltr'>Clarissimo</span> 
     </span>
     <span class='ocr_line' id='line_1_10' title="bbox 600 1555 737 1615; baseline 0.007 -2"><span class='ocrx_word' id='word_1_55' title='bbox 600 1557 634 1614; x_wconf 92' lang='lat' dir='ltr'>B.</span> <span class='ocrx_word' id='word_1_56' title='bbox 659 1576 686 1615; x_wconf 89' lang='lat' dir='ltr'>n.</span> <span class='ocrx_word' id='word_1_57' title='bbox 709 1555 737 1614; x_wconf 85' lang='lat' dir='ltr'>S.</span> 
     </span>
     <span class='ocr_line' id='line_1_11' title="bbox 315 1704 1030 1765; baseline -0.003 -1"><span class='ocrx_word' id='word_1_58' title='bbox 315 1706 583 1765; x_wconf 83' lang='lat' dir='ltr'><strong>HENRIOUS</strong></span> <span class='ocrx_word' id='word_1_59' title='bbox 615 1704 1030 1765; x_wconf 82' lang='lat' dir='ltr'>OLDENBURGIUS</span> 
     </span>
    </p>
   </div>
   <div class='ocr_carea' id='block_1_4' title="bbox 574 1836 765 1906">
    <p class='ocr_par' dir='ltr' id='par_1_8' title="bbox 574 1836 765 1906">
     <span class='ocr_line' id='line_1_12' title="bbox 574 1836 765 1906; baseline -0.016 -13"><span class='ocrx_word' id='word_1_60' title='bbox 574 1836 604 1893; x_wconf 80' lang='grc' dir='ltr'>εὖ</span> <span class='ocrx_word' id='word_1_61' title='bbox 624 1837 765 1906; x_wconf 65' lang='grc' dir='ltr'><em>πράττειν.</em></span> 
     </span>
    </p>
   </div>
   <div class='ocr_carea' id='block_1_5' title="bbox 394 1963 943 2039">
    <p class='ocr_par' dir='ltr' id='par_1_9' title="bbox 394 1963 943 2039">
     <span class='ocr_line' id='line_1_13' title="bbox 394 1963 943 2039; baseline -0.002 -17"><span class='ocrx_word' id='word_1_62' title='bbox 394 1964 550 2039; x_wconf 76' lang='lat' dir='ltr'><em>Responsio</em></span> <span class='ocrx_word' id='word_1_63' title='bbox 571 1965 610 2022; x_wconf 85' lang='lat' dir='ltr'>od</span> <span class='ocrx_word' id='word_1_64' title='bbox 631 1964 791 2038; x_wconf 77' lang='lat' dir='ltr'>Epistulam</span> <span class='ocrx_word' id='word_1_65' title='bbox 813 1963 943 2021; x_wconf 86' lang='lat' dir='ltr'><em>LXXV.</em></span> 
     </span>
    </p>
   </div>
   <div class='ocr_carea' id='block_1_6' title="bbox 61 2113 1202 2585">
    <p class='ocr_par' dir='ltr' id='par_1_10' title="bbox 61 2113 1202 2585">
     <span class='ocr_line' id='line_1_14' title="bbox 171 2113 1201 2190; baseline -0.003 -18"><span class='ocrx_word' id='word_1_66' title='bbox 171 2117 243 2173; x_wconf 88' lang='lat' dir='ltr'>Rem</span> <span class='ocrx_word' id='word_1_67' title='bbox 265 2135 319 2172; x_wconf 91' lang='lat' dir='ltr'>acu</span> <span class='ocrx_word' id='word_1_68' title='bbox 339 2114 471 2189; x_wconf 82' lang='lat' dir='ltr'>tetigisti,</span> <span class='ocrx_word' id='word_1_69' title='bbox 495 2115 561 2172; x_wconf 91' lang='lat' dir='ltr'>dum</span> <span class='ocrx_word' id='word_1_70' title='bbox 583 2114 708 2190; x_wconf 83' lang='lat' dir='ltr'>percipis</span> <span class='ocrx_word' id='word_1_71' title='bbox 729 2134 854 2185; x_wconf 85' lang='lat' dir='ltr'>causam,</span> <span class='ocrx_word' id='word_1_72' title='bbox 878 2132 967 2188; x_wconf 87' lang='lat' dir='ltr'>quare</span> <span class='ocrx_word' id='word_1_73' title='bbox 988 2113 1105 2170; x_wconf 80' lang='lat' dir='ltr'>fatalem</span> <span class='ocrx_word' id='word_1_74' title='bbox 1125 2113 1201 2170; x_wconf 86' lang='lat' dir='ltr'>illam</span> 
     </span>
     <span class='ocr_line' id='line_1_15' title="bbox 130 2192 1202 2269; baseline -0.003 -16"><span class='ocrx_word' id='word_1_75' title='bbox 130 2215 228 2253; x_wconf 82' lang='lat' dir='ltr'>rerum</span> <span class='ocrx_word' id='word_1_76' title='bbox 249 2195 375 2253; x_wconf 90' lang='lat' dir='ltr'>omniurn</span> <span class='ocrx_word' id='word_1_77' title='bbox 396 2194 598 2253; x_wconf 90' lang='lat' dir='ltr'>necessitatem</span> <span class='ocrx_word' id='word_1_78' title='bbox 620 2194 736 2269; x_wconf 92' lang='lat' dir='ltr'>vulgari</span> <span class='ocrx_word' id='word_1_79' title='bbox 759 2195 874 2265; x_wconf 84' lang='lat' dir='ltr'>nollem,</span> <span class='ocrx_word' id='word_1_80' title='bbox 897 2214 933 2252; x_wconf 90' lang='lat' dir='ltr'>ne</span> <span class='ocrx_word' id='word_1_81' title='bbox 954 2192 1063 2251; x_wconf 91' lang='lat' dir='ltr'>scilicet</span> <span class='ocrx_word' id='word_1_82' title='bbox 1084 2192 1202 2251; x_wconf 89' lang='lat' dir='ltr'>virtutis</span> 
     </span>
     <span class='ocr_line' id='line_1_16' title="bbox 129 2273 1200 2350; baseline -0.003 -17"><span class='ocrx_word' id='word_1_83' title='bbox 129 2275 302 2333; x_wconf 83' lang='lat' dir='ltr'>exercitium</span> <span class='ocrx_word' id='word_1_84' title='bbox 316 2275 383 2333; x_wconf 88' lang='lat' dir='ltr'>inde</span> <span class='ocrx_word' id='word_1_85' title='bbox 397 2275 649 2346; x_wconf 87' lang='lat' dir='ltr'>sufflaminaretur,</span> <span class='ocrx_word' id='word_1_86' title='bbox 665 2295 718 2332; x_wconf 93' lang='lat' dir='ltr'>ncc</span> <span class='ocrx_word' id='word_1_87' title='bbox 731 2273 850 2350; x_wconf 87' lang='lat' dir='ltr'>praemia</span> <span class='ocrx_word' id='word_1_88' title='bbox 864 2294 899 2332; x_wconf 87' lang='lat' dir='ltr'>ac</span> <span class='ocrx_word' id='word_1_89' title='bbox 912 2293 1006 2349; x_wconf 87' lang='lat' dir='ltr'>poenae</span> <span class='ocrx_word' id='word_1_90' title='bbox 1019 2273 1200 2331; x_wconf 89' lang='lat' dir='ltr'>vilescerent.</span> 
     </span>
     <span class='ocr_line' id='line_1_17' title="bbox 61 2354 1201 2429; baseline -0.004 -14"><span class='ocrx_word' id='word_1_91' title='bbox 61 2363 65 2370; x_wconf 86' lang='lat'>&#39;</span> <span class='ocrx_word' id='word_1_92' title='bbox 133 2356 202 2426; x_wconf 79' lang='lat' dir='ltr'>Quae</span> <span class='ocrx_word' id='word_1_93' title='bbox 232 2355 263 2413; x_wconf 93' lang='lat' dir='ltr'>in</span> <span class='ocrx_word' id='word_1_94' title='bbox 295 2375 359 2414; x_wconf 88' lang='lat' dir='ltr'>eam</span> <span class='ocrx_word' id='word_1_95' title='bbox 389 2375 450 2414; x_wconf 92' lang='lat' dir='ltr'>rem</span> <span class='ocrx_word' id='word_1_96' title='bbox 481 2355 644 2414; x_wconf 88' lang='lat' dir='ltr'>novissimae</span> <span class='ocrx_word' id='word_1_97' title='bbox 675 2360 734 2413; x_wconf 88' lang='lat' dir='ltr'>tuae</span> <span class='ocrx_word' id='word_1_98' title='bbox 756 2355 862 2413; x_wconf 87' lang='lat' dir='ltr'>litterae</span> <span class='ocrx_word' id='word_1_99' title='bbox 884 2357 1055 2429; x_wconf 87' lang='lat' dir='ltr'>suggerunt,</span> <span class='ocrx_word' id='word_1_100' title='bbox 1077 2354 1201 2411; x_wconf 86' lang='lat' dir='ltr'>necdum</span> 
     </span>
     <span class='ocr_line' id='line_1_18' title="bbox 128 2433 1201 2511; baseline -0.003 -17"><span class='ocrx_word' id='word_1_101' title='bbox 128 2437 271 2494; x_wconf 88' lang='lat' dir='ltr'>conficere</span> <span class='ocrx_word' id='word_1_102' title='bbox 313 2437 367 2494; x_wconf 91' lang='lat' dir='ltr'>hoc</span> <span class='ocrx_word' id='word_1_103' title='bbox 409 2435 565 2511; x_wconf 82' lang='lat' dir='ltr'>negotium,</span> <span class='ocrx_word' id='word_1_104' title='bbox 601 2437 786 2511; x_wconf 85' lang='lat' dir='ltr'>Montemque</span> <span class='ocrx_word' id='word_1_105' title='bbox 821 2436 977 2493; x_wconf 84' lang='lat' dir='ltr'>humanam</span> <span class='ocrx_word' id='word_1_106' title='bbox 1012 2433 1201 2509; x_wconf 85' lang='lat' dir='ltr'>tranquillare</span> 
     </span>
     <span class='ocr_line' id='line_1_19' title="bbox 131 2513 1198 2585; baseline -0.002 -11"><span class='ocrx_word' id='word_1_107' title='bbox 131 2517 276 2575; x_wconf 85' lang='lat' dir='ltr'>videntur.</span> <span class='ocrx_word' id='word_1_108' title='bbox 298 2515 422 2585; x_wconf 85' lang='lat' dir='ltr'>Etenim,</span> <span class='ocrx_word' id='word_1_109' title='bbox 445 2516 469 2574; x_wconf 91' lang='lat' dir='ltr'>si</span> <span class='ocrx_word' id='word_1_110' title='bbox 491 2535 543 2574; x_wconf 91' lang='lat' dir='ltr'>nos</span> <span class='ocrx_word' id='word_1_111' title='bbox 564 2515 694 2574; x_wconf 90' lang='lat' dir='ltr'>homines</span> <span class='ocrx_word' id='word_1_112' title='bbox 714 2515 744 2573; x_wconf 95' lang='lat' dir='ltr'>in</span> <span class='ocrx_word' id='word_1_113' title='bbox 766 2515 897 2574; x_wconf 91' lang='lat' dir='ltr'>omnibus</span> <span class='ocrx_word' id='word_1_114' title='bbox 909 2513 1070 2573; x_wconf 87' lang='lat' dir='ltr'>actionibus</span> <span class='ocrx_word' id='word_1_115' title='bbox 1082 2514 1198 2581; x_wconf 78' lang='lat' dir='ltr'>nostrie,</span> 
     </span>
    </p>
   </div>
   <div class='ocr_carea' id='block_1_7' title="bbox 125 2594 1199 3875">
    <p class='ocr_par' dir='ltr' id='par_1_11' title="bbox 125 2594 1199 3875">
     <span class='ocr_line' id='line_1_20' title="bbox 130 2594 1199 2672; baseline -0.002 -18"><span class='ocrx_word' id='word_1_116' title='bbox 130 2597 286 2655; x_wconf 86' lang='lat' dir='ltr'>moralibus</span> <span class='ocrx_word' id='word_1_117' title='bbox 312 2616 395 2672; x_wconf 88' lang='lat' dir='ltr'>aeque</span> <span class='ocrx_word' id='word_1_118' title='bbox 416 2616 450 2654; x_wconf 93' lang='lat' dir='ltr'>ac</span> <span class='ocrx_word' id='word_1_119' title='bbox 471 2596 660 2667; x_wconf 87' lang='lat' dir='ltr'>naturalibus,</span> <span class='ocrx_word' id='word_1_120' title='bbox 682 2596 724 2654; x_wconf 88' lang='lat' dir='ltr'>ita</span> <span class='ocrx_word' id='word_1_121' title='bbox 744 2595 775 2654; x_wconf 92' lang='lat' dir='ltr'>in</span> <span class='ocrx_word' id='word_1_122' title='bbox 796 2600 940 2671; x_wconf 84' lang='lat' dir='ltr'>potestate</span> <span class='ocrx_word' id='word_1_123' title='bbox 961 2594 1015 2653; x_wconf 90' lang='lat' dir='ltr'>Dei</span> <span class='ocrx_word' id='word_1_124' title='bbox 1036 2615 1143 2666; x_wconf 83' lang='lat' dir='ltr'>sumna,</span> <span class='ocrx_word' id='word_1_125' title='bbox 1166 2599 1199 2653; x_wconf 91' lang='lat' dir='ltr'>ut</span> 
     </span>
     <span class='ocr_line' id='line_1_21' title="bbox 128 2675 1198 2753; baseline -0.002 -19"><span class='ocrx_word' id='word_1_126' title='bbox 128 2677 222 2735; x_wconf 91' lang='lat' dir='ltr'>lutum</span> <span class='ocrx_word' id='word_1_127' title='bbox 243 2677 274 2735; x_wconf 92' lang='lat' dir='ltr'>in</span> <span class='ocrx_word' id='word_1_128' title='bbox 294 2697 382 2735; x_wconf 91' lang='lat' dir='ltr'>manu</span> <span class='ocrx_word' id='word_1_129' title='bbox 402 2676 493 2752; x_wconf 91' lang='lat' dir='ltr'>figuli,</span> <span class='ocrx_word' id='word_1_130' title='bbox 515 2697 572 2753; x_wconf 91' lang='lat' dir='ltr'>qua</span> <span class='ocrx_word' id='word_1_131' title='bbox 593 2677 689 2735; x_wconf 89' lang='lat' dir='ltr'>fronte</span> <span class='ocrx_word' id='word_1_132' title='bbox 710 2696 808 2751; x_wconf 86' lang='lat' dir='ltr'>quaeso</span> <span class='ocrx_word' id='word_1_133' title='bbox 829 2675 959 2736; x_wconf 85' lang='lat' dir='ltr'>accusari</span> <span class='ocrx_word' id='word_1_134' title='bbox 980 2675 1055 2734; x_wconf 92' lang='lat' dir='ltr'>ullus</span> <span class='ocrx_word' id='word_1_135' title='bbox 1066 2681 1198 2733; x_wconf 90' lang='lat' dir='ltr'>nostrum</span> 
     </span>
     <span class='ocr_line' id='line_1_22' title="bbox 129 2755 1198 2832; baseline -0.003 -17"><span class='ocrx_word' id='word_1_136' title='bbox 129 2761 234 2832; x_wconf 91' lang='lat' dir='ltr'>potest,</span> <span class='ocrx_word' id='word_1_137' title='bbox 266 2758 342 2832; x_wconf 91' lang='lat' dir='ltr'>quod</span> <span class='ocrx_word' id='word_1_138' title='bbox 373 2758 428 2815; x_wconf 93' lang='lat' dir='ltr'>hoc</span> <span class='ocrx_word' id='word_1_139' title='bbox 458 2758 506 2815; x_wconf 88' lang='lat' dir='ltr'>vel</span> <span class='ocrx_word' id='word_1_140' title='bbox 536 2757 584 2815; x_wconf 95' lang='lat' dir='ltr'>illo</span> <span class='ocrx_word' id='word_1_141' title='bbox 615 2758 699 2815; x_wconf 88' lang='lat' dir='ltr'>modo</span> <span class='ocrx_word' id='word_1_142' title='bbox 720 2757 822 2832; x_wconf 89' lang='lat' dir='ltr'>egerit,</span> <span class='ocrx_word' id='word_1_143' title='bbox 844 2777 909 2814; x_wconf 92' lang='lat' dir='ltr'>cum</span> <span class='ocrx_word' id='word_1_144' title='bbox 930 2776 1013 2816; x_wconf 89' lang='lat' dir='ltr'>secus</span> <span class='ocrx_word' id='word_1_145' title='bbox 1034 2776 1121 2831; x_wconf 89' lang='lat' dir='ltr'>agere</span> <span class='ocrx_word' id='word_1_146' title='bbox 1142 2755 1198 2831; x_wconf 91' lang='lat' dir='ltr'>ipsi</span> 
     </span>
     <span class='ocr_line' id='line_1_23' title="bbox 127 2837 1199 2912; baseline -0.001 -17"><span class='ocrx_word' id='word_1_147' title='bbox 127 2837 245 2895; x_wconf 88' lang='lat' dir='ltr'>omnino</span> <span class='ocrx_word' id='word_1_148' title='bbox 276 2837 365 2895; x_wconf 87' lang='lat' dir='ltr'>fuerit</span> <span class='ocrx_word' id='word_1_149' title='bbox 395 2837 591 2912; x_wconf 84' lang='lat' dir='ltr'>impossibile?</span> <span class='ocrx_word' id='word_1_150' title='bbox 623 2839 671 2895; x_wconf 85' lang='lat' dir='ltr'>An</span> <span class='ocrx_word' id='word_1_151' title='bbox 697 2857 755 2895; x_wconf 91' lang='lat' dir='ltr'>non</span> <span class='ocrx_word' id='word_1_152' title='bbox 776 2838 813 2895; x_wconf 84' lang='lat' dir='ltr'>ad</span> <span class='ocrx_word' id='word_1_153' title='bbox 835 2857 922 2895; x_wconf 91' lang='lat' dir='ltr'>unum</span> <span class='ocrx_word' id='word_1_154' title='bbox 945 2840 1044 2894; x_wconf 77' lang='lat' dir='ltr'>omnes</span> <span class='ocrx_word' id='word_1_155' title='bbox 1064 2855 1199 2911; x_wconf 85' lang='lat' dir='ltr'>regerere</span> 
     </span>
     <span class='ocr_line' id='line_1_24' title="bbox 129 2915 1198 2992; baseline -0.001 -18"><span class='ocrx_word' id='word_1_156' title='bbox 129 2918 190 2975; x_wconf 92' lang='lat' dir='ltr'>Deo</span> <span class='ocrx_word' id='word_1_157' title='bbox 226 2917 392 2992; x_wconf 87' lang='lat' dir='ltr'>poterimus,</span> <span class='ocrx_word' id='word_1_158' title='bbox 424 2916 585 2975; x_wconf 85' lang='lat' dir='ltr'>lnllexibile</span> <span class='ocrx_word' id='word_1_159' title='bbox 616 2916 707 2974; x_wconf 88' lang='lat' dir='ltr'>fatum</span> <span class='ocrx_word' id='word_1_160' title='bbox 742 2922 825 2975; x_wconf 90' lang='lat' dir='ltr'>tuum</span> <span class='ocrx_word' id='word_1_161' title='bbox 860 2936 894 2974; x_wconf 90' lang='lat' dir='ltr'>ac</span> <span class='ocrx_word' id='word_1_162' title='bbox 928 2915 1115 2974; x_wconf 87' lang='lat' dir='ltr'>irresistibilis</span> <span class='ocrx_word' id='word_1_163' title='bbox 1147 2920 1198 2974; x_wconf 88' lang='lat' dir='ltr'>tua</span> 
     </span>
     <span class='ocr_line' id='line_1_25' title="bbox 127 2995 1198 3073; baseline -0.001 -18"><span class='ocrx_word' id='word_1_164' title='bbox 127 3002 259 3073; x_wconf 88' lang='lat' dir='ltr'>potestas</span> <span class='ocrx_word' id='word_1_165' title='bbox 290 3018 343 3056; x_wconf 92' lang='lat' dir='ltr'>nos</span> <span class='ocrx_word' id='word_1_166' title='bbox 374 3018 407 3056; x_wconf 88' lang='lat' dir='ltr'>eo</span> <span class='ocrx_word' id='word_1_167' title='bbox 435 2997 542 3072; x_wconf 88' lang='lat' dir='ltr'>adegit,</span> <span class='ocrx_word' id='word_1_168' title='bbox 572 3000 604 3054; x_wconf 93' lang='lat' dir='ltr'>ut</span> <span class='ocrx_word' id='word_1_169' title='bbox 625 2996 666 3054; x_wconf 90' lang='lat' dir='ltr'>sic</span> <span class='ocrx_word' id='word_1_170' title='bbox 687 3016 881 3071; x_wconf 87' lang='lat' dir='ltr'>operaremur,</span> <span class='ocrx_word' id='word_1_171' title='bbox 904 3015 957 3053; x_wconf 94' lang='lat' dir='ltr'>nec</span> <span class='ocrx_word' id='word_1_172' title='bbox 978 2995 1091 3070; x_wconf 89' lang='lat' dir='ltr'>operari</span> <span class='ocrx_word' id='word_1_173' title='bbox 1113 2995 1198 3054; x_wconf 88' lang='lat' dir='ltr'>aliter</span> 
     </span>
     <span class='ocr_line' id='line_1_26' title="bbox 126 3074 1196 3153; baseline -0.003 -17"><span class='ocrx_word' id='word_1_174' title='bbox 126 3078 289 3153; x_wconf 87' lang='lat' dir='ltr'>potuimus;</span> <span class='ocrx_word' id='word_1_175' title='bbox 319 3098 370 3136; x_wconf 89' lang='lat' dir='ltr'>cur</span> <span class='ocrx_word' id='word_1_176' title='bbox 396 3077 495 3153; x_wconf 86' lang='lat' dir='ltr'>igitur,</span> <span class='ocrx_word' id='word_1_177' title='bbox 517 3082 547 3135; x_wconf 89' lang='lat' dir='ltr'>et</span> <span class='ocrx_word' id='word_1_178' title='bbox 568 3096 625 3152; x_wconf 92' lang='lat' dir='ltr'>quo</span> <span class='ocrx_word' id='word_1_179' title='bbox 643 3077 782 3151; x_wconf 83' lang='lat' dir='ltr'>juranos</span> <span class='ocrx_word' id='word_1_180' title='bbox 804 3075 953 3134; x_wconf 91' lang='lat' dir='ltr'>dirissimis</span> <span class='ocrx_word' id='word_1_181' title='bbox 974 3074 1066 3150; x_wconf 87' lang='lat' dir='ltr'>poenis</span> <span class='ocrx_word' id='word_1_182' title='bbox 1087 3075 1196 3134; x_wconf 87' lang='lat' dir='ltr'>manci-</span> 
     </span>
     <span class='ocr_line' id='line_1_27' title="bbox 126 3155 1196 3234; baseline -0.004 -18"><span class='ocrx_word' id='word_1_183' title='bbox 126 3157 219 3233; x_wconf 88' lang='lat' dir='ltr'>pabis,</span> <span class='ocrx_word' id='word_1_184' title='bbox 243 3178 315 3234; x_wconf 89' lang='lat' dir='ltr'>quas</span> <span class='ocrx_word' id='word_1_185' title='bbox 335 3159 500 3216; x_wconf 91' lang='lat' dir='ltr'>nullatenus</span> <span class='ocrx_word' id='word_1_186' title='bbox 520 3157 631 3216; x_wconf 89' lang='lat' dir='ltr'>evitare</span> <span class='ocrx_word' id='word_1_187' title='bbox 652 3156 807 3232; x_wconf 90' lang='lat' dir='ltr'>potuimus,</span> <span class='ocrx_word' id='word_1_188' title='bbox 822 3160 852 3214; x_wconf 90' lang='lat' dir='ltr'>te</span> <span class='ocrx_word' id='word_1_189' title='bbox 863 3155 959 3214; x_wconf 90' lang='lat' dir='ltr'>omnia</span> <span class='ocrx_word' id='word_1_190' title='bbox 970 3175 1022 3231; x_wconf 91' lang='lat' dir='ltr'>per</span> <span class='ocrx_word' id='word_1_191' title='bbox 1032 3175 1196 3230; x_wconf 89' lang='lat' dir='ltr'>supremam</span> 
     </span>
     <span class='ocr_line' id='line_1_28' title="bbox 127 3235 1196 3314; baseline -0.004 -18"><span class='ocrx_word' id='word_1_192' title='bbox 127 3238 330 3296; x_wconf 89' lang='lat' dir='ltr'>necessitatem</span> <span class='ocrx_word' id='word_1_193' title='bbox 361 3258 413 3314; x_wconf 93' lang='lat' dir='ltr'>pro</span> <span class='ocrx_word' id='word_1_194' title='bbox 444 3237 563 3296; x_wconf 89' lang='lat' dir='ltr'>arbitrio</span> <span class='ocrx_word' id='word_1_195' title='bbox 596 3244 625 3295; x_wconf 93' lang='lat' dir='ltr'>et</span> <span class='ocrx_word' id='word_1_196' title='bbox 645 3236 825 3312; x_wconf 87' lang='lat' dir='ltr'>beneplacito</span> <span class='ocrx_word' id='word_1_197' title='bbox 847 3241 897 3294; x_wconf 91' lang='lat' dir='ltr'>tuo</span> <span class='ocrx_word' id='word_1_198' title='bbox 919 3240 1058 3310; x_wconf 90' lang='lat' dir='ltr'>operante</span> <span class='ocrx_word' id='word_1_199' title='bbox 1080 3240 1108 3292; x_wconf 92' lang='lat' dir='ltr'>et</span> <span class='ocrx_word' id='word_1_200' title='bbox 1130 3235 1196 3293; x_wconf 89' lang='lat' dir='ltr'>diri·</span> 
     </span>
     <span class='ocr_line' id='line_1_29' title="bbox 128 3315 1196 3393; baseline -0.004 -16"><span class='ocrx_word' id='word_1_201' title='bbox 128 3323 236 3393; x_wconf 82' lang='lat' dir='ltr'>gente?</span> <span class='ocrx_word' id='word_1_202' title='bbox 265 3319 336 3378; x_wconf 80' lang='lat' dir='ltr'>Cum</span> <span class='ocrx_word' id='word_1_203' title='bbox 356 3323 388 3377; x_wconf 94' lang='lat' dir='ltr'>tu</span> <span class='ocrx_word' id='word_1_204' title='bbox 410 3318 489 3389; x_wconf 83' lang='lat' dir='ltr'>dicia,</span> <span class='ocrx_word' id='word_1_205' title='bbox 512 3317 651 3376; x_wconf 88' lang='lat' dir='ltr'>Homines</span> <span class='ocrx_word' id='word_1_206' title='bbox 671 3337 768 3375; x_wconf 89' lang='lat' dir='ltr'>coram</span> <span class='ocrx_word' id='word_1_207' title='bbox 790 3317 851 3374; x_wconf 92' lang='lat' dir='ltr'>Deo</span> <span class='ocrx_word' id='word_1_208' title='bbox 873 3315 953 3374; x_wconf 89' lang='lat' dir='ltr'>nulla</span> <span class='ocrx_word' id='word_1_209' title='bbox 973 3315 1030 3373; x_wconf 85' lang='lat' dir='ltr'>alia</span> <span class='ocrx_word' id='word_1_210' title='bbox 1052 3316 1087 3372; x_wconf 94' lang='lat' dir='ltr'>de</span> <span class='ocrx_word' id='word_1_211' title='bbox 1108 3334 1196 3373; x_wconf 87' lang='lat' dir='ltr'>causa</span> 
     </span>
     <span class='ocr_line' id='line_1_30' title="bbox 127 3394 1195 3473; baseline -0.005 -16"><span class='ocrx_word' id='word_1_212' title='bbox 127 3418 191 3457; x_wconf 88' lang='lat' dir='ltr'>esse</span> <span class='ocrx_word' id='word_1_213' title='bbox 225 3399 447 3468; x_wconf 72' lang='lat' dir='ltr'>inexcusabiles</span> <span class='ocrx_word' id='word_1_214' title='bbox 483 3418 568 3473; x_wconf 90' lang='lat' dir='ltr'>quam</span> <span class='ocrx_word' id='word_1_215' title='bbox 600 3397 667 3473; x_wconf 87' lang='lat' dir='ltr'>quia</span> <span class='ocrx_word' id='word_1_216' title='bbox 698 3402 766 3456; x_wconf 91' lang='lat' dir='ltr'>sunt</span> <span class='ocrx_word' id='word_1_217' title='bbox 795 3397 825 3454; x_wconf 92' lang='lat' dir='ltr'>in</span> <span class='ocrx_word' id='word_1_218' title='bbox 857 3401 1001 3472; x_wconf 86' lang='lat' dir='ltr'>potestate</span> <span class='ocrx_word' id='word_1_219' title='bbox 1032 3394 1100 3467; x_wconf 81' lang='lat' dir='ltr'>Dei3</span> <span class='ocrx_word' id='word_1_220' title='bbox 1133 3396 1195 3469; x_wconf 82' lang='lat' dir='ltr'>Ego</span> 
     </span>
     <span class='ocr_line' id='line_1_31' title="bbox 127 3474 1196 3554; baseline -0.005 -17"><span class='ocrx_word' id='word_1_221' title='bbox 127 3485 330 3553; x_wconf 89' lang='lat' dir='ltr'>argumentum</span> <span class='ocrx_word' id='word_1_222' title='bbox 365 3479 436 3537; x_wconf 93' lang='lat' dir='ltr'>illud</span> <span class='ocrx_word' id='word_1_223' title='bbox 466 3479 552 3554; x_wconf 88' lang='lat' dir='ltr'>plane</span> <span class='ocrx_word' id='word_1_224' title='bbox 583 3479 767 3548; x_wconf 88' lang='lat' dir='ltr'>inverterem,</span> <span class='ocrx_word' id='word_1_225' title='bbox 803 3477 983 3551; x_wconf 89' lang='lat' dir='ltr'>diceremque</span> <span class='ocrx_word' id='word_1_226' title='bbox 1016 3474 1128 3550; x_wconf 85' lang='lat' dir='ltr'>majori,</span> <span class='ocrx_word' id='word_1_227' title='bbox 1163 3480 1196 3533; x_wconf 89' lang='lat' dir='ltr'>ut</span> 
     </span>
     <span class='ocr_line' id='line_1_32' title="bbox 126 3553 1194 3632; baseline -0.006 -15"><span class='ocrx_word' id='word_1_228' title='bbox 126 3559 251 3631; x_wconf 85' lang='lat' dir='ltr'>videtur,</span> <span class='ocrx_word' id='word_1_229' title='bbox 283 3559 404 3623; x_wconf 82' lang='lat' dir='ltr'>ratione,</span> <span class='ocrx_word' id='word_1_230' title='bbox 432 3559 573 3616; x_wconf 88' lang='lat' dir='ltr'>Homines</span> <span class='ocrx_word' id='word_1_231' title='bbox 593 3557 657 3616; x_wconf 91' lang='lat' dir='ltr'>ideo</span> <span class='ocrx_word' id='word_1_232' title='bbox 676 3559 762 3632; x_wconf 90' lang='lat' dir='ltr'>plane</span> <span class='ocrx_word' id='word_1_233' title='bbox 783 3577 846 3615; x_wconf 90' lang='lat' dir='ltr'>esse</span> <span class='ocrx_word' id='word_1_234' title='bbox 867 3555 1054 3626; x_wconf 85' lang='lat' dir='ltr'>excusabiles,</span> <span class='ocrx_word' id='word_1_235' title='bbox 1077 3554 1145 3629; x_wconf 88' lang='lat' dir='ltr'>quia</span> <span class='ocrx_word' id='word_1_236' title='bbox 1165 3553 1194 3611; x_wconf 94' lang='lat' dir='ltr'>in</span> 
     </span>
     <span class='ocr_line' id='line_1_33' title="bbox 126 3634 1194 3714; baseline -0.006 -17"><span class='ocrx_word' id='word_1_237' title='bbox 126 3644 271 3714; x_wconf 87' lang='lat' dir='ltr'>potestate</span> <span class='ocrx_word' id='word_1_238' title='bbox 302 3639 357 3698; x_wconf 88' lang='lat' dir='ltr'>Dei</span> <span class='ocrx_word' id='word_1_239' title='bbox 387 3643 463 3698; x_wconf 91' lang='lat' dir='ltr'>sunt.</span> <span class='ocrx_word' id='word_1_240' title='bbox 496 3640 531 3697; x_wconf 91' lang='lat' dir='ltr'>In</span> <span class='ocrx_word' id='word_1_241' title='bbox 562 3642 698 3714; x_wconf 91' lang='lat' dir='ltr'>promptu</span> <span class='ocrx_word' id='word_1_242' title='bbox 729 3637 804 3697; x_wconf 90' lang='lat' dir='ltr'>enim</span> <span class='ocrx_word' id='word_1_243' title='bbox 836 3641 880 3695; x_wconf 88' lang='lat' dir='ltr'>est</span> <span class='ocrx_word' id='word_1_244' title='bbox 908 3636 1040 3694; x_wconf 92' lang='lat' dir='ltr'>omnibus</span> <span class='ocrx_word' id='word_1_245' title='bbox 1061 3634 1194 3710; x_wconf 89' lang='lat' dir='ltr'>objicere,</span> 
     </span>
     <span class='ocr_line' id='line_1_34' title="bbox 127 3714 1193 3795; baseline -0.006 -18"><span class='ocrx_word' id='word_1_246' title='bbox 127 3719 324 3778; x_wconf 88' lang='lat' dir='ltr'>Ineluctabilis</span> <span class='ocrx_word' id='word_1_247' title='bbox 356 3724 401 3778; x_wconf 91' lang='lat' dir='ltr'>est</span> <span class='ocrx_word' id='word_1_248' title='bbox 431 3723 561 3795; x_wconf 89' lang='lat' dir='ltr'>potestas</span> <span class='ocrx_word' id='word_1_249' title='bbox 590 3723 650 3789; x_wconf 91' lang='lat' dir='ltr'>tua,</span> <span class='ocrx_word' id='word_1_250' title='bbox 682 3739 698 3776; x_wconf 94' lang='lat' dir='ltr'>o</span> <span class='ocrx_word' id='word_1_251' title='bbox 730 3720 824 3789; x_wconf 91' lang='lat' dir='ltr'>Deus;</span> <span class='ocrx_word' id='word_1_252' title='bbox 857 3736 945 3792; x_wconf 87' lang='lat' dir='ltr'>quare</span> <span class='ocrx_word' id='word_1_253' title='bbox 976 3714 1088 3787; x_wconf 87' lang='lat' dir='ltr'>merito,</span> <span class='ocrx_word' id='word_1_254' title='bbox 1118 3714 1193 3790; x_wconf 93' lang='lat' dir='ltr'>quod</span> 
     </span>
     <span class='ocr_line' id='line_1_35' title="bbox 125 3799 701 3875; baseline -0.002 -17"><span class='ocrx_word' id='word_1_255' title='bbox 125 3800 210 3858; x_wconf 87' lang='lat' dir='ltr'>aliter</span> <span class='ocrx_word' id='word_1_256' title='bbox 231 3819 289 3858; x_wconf 92' lang='lat' dir='ltr'>non</span> <span class='ocrx_word' id='word_1_257' title='bbox 310 3799 366 3875; x_wconf 89' lang='lat' dir='ltr'>egi,</span> <span class='ocrx_word' id='word_1_258' title='bbox 389 3800 572 3858; x_wconf 90' lang='lat' dir='ltr'>excusandus</span> <span class='ocrx_word' id='word_1_259' title='bbox 592 3799 701 3857; x_wconf 90' lang='lat' dir='ltr'>videor.</span> 
     </span>
    </p>
   </div>
   <div class='ocr_carea' id='block_1_8' title="bbox 0 0 1336 4298">
    <p class='ocr_par' dir='ltr' id='par_1_12' title="bbox 0 0 1336 4298">
     <span class='ocr_line' id='line_1_36' title="bbox 0 0 1336 4298; baseline 0 5"><span class='ocrx_word' id='word_1_260' title='bbox 0 0 1336 4298; x_wconf 95' lang='lat' dir='ltr'> </span> 
     </span>
    </p>
   </div>
  </div>
 </body>
</html>
