2662 4298
477 371 615 412 amorosa
635 370 721 410 xvm.
1074 353 1131 412 251

10 542 22 577 i
59 557 126 596 esse
146 538 253 595 malum
274 537 351 612 quid,
374 536 420 596 vol
441 538 533 596 Deum
553 537 630 596 illius
643 536 712 595 mali
726 557 842 596 causam
853 557 916 596 osse
926 537 1129 610 immediatam,
1165 610 1168 617 1

10 624 21 660 Ξ
59 624 92 676 ot
113 618 142 676 id
164 617 286 693 operari.
308 617 407 692 Neque
428 617 477 676 hio
497 617 651 676 Discinctio
673 618 894 692 Theologorum,
916 619 951 676 de
970 617 1133 677 differentia

10 688 23 774 ,³¹
61 697 140 756 inter
171 703 268 755 actum
299 703 329 755 et
360 698 466 755 malum
494 698 573 756 actui
593 698 753 768 adhaerens,
774 700 868 756 locum
889 699 997 757 habere
1017 704 1131 775 potest:

10 786 21 824 :
59 799 128 836 nam
160 777 239 836 Deus
271 797 335 836 cum
366 783 463 837 actum
494 782 555 836 turn
587 778 703 836 modum
734 784 816 836 actus
843 778 980 849 decrevit,
1002 780 1057 837 hoc
1078 784 1131 849 est,

11 870 19 905 ²
59 859 139 916 Deus
160 878 219 916 non
239 858 416 916 solummodo
437 857 575 930 decrevit,
599 864 632 917 ut
654 858 783 917 Adamus
796 858 904 926 ederet,
923 858 1131 929 verumetiam,

10 976 17 987 ·
59 944 93 997 ut
123 937 286 996 necessario
318 943 420 997 contra
448 939 617 997 mandatum
639 939 746 997 odoret.
768 939 850 997 Adeo
871 938 1030 998 utiterum
1052 939 1133 1014 sequi

13 1032 15 1041 ¹
60 1019 203 1088 videatur,
235 1019 282 1076 vel
312 1017 343 1070 τὸ
375 1018 460 1077 edere
491 1019 598 1077 Adami
623 1019 762 1077 adversus
793 1024 968 1094 praeceptum
989 1039 1048 1077 non
1069 1039 1132 1079 esse

10 1114 13 1133 .
59 1100 175 1168 malum,
198 1099 245 1155 vol
264 1099 357 1156 Deum
378 1098 473 1175 ipsum
493 1098 564 1158 illud
586 1098 709 1175 operari.

101 1179 172 1237 Haec
203 1184 280 1249 sunt,
313 1179 366 1236 Vir
397 1179 560 1238 Clarissimo
576 1182 600 1249 *,
629 1179 743 1254 quaein
766 1178 971 1254 praesentiain
992 1179 1132 1237 Tractatu

59 1265 111 1317 tuo
132 1259 279 1334 percipere
300 1278 430 1334 nequeo:
453 1264 584 1318 extrema
605 1278 728 1334 namque
742 1258 878 1335 utrinque
889 1262 1018 1318 statuere
1028 1260 1133 1317 durum

59 1344 114 1398 est.
136 1340 206 1396 Tale
232 1344 329 1397 autem
350 1359 519 1415 responsum
542 1359 559 1397 a
579 1339 738 1415 perspicaci
758 1345 809 1398 tuo
821 1339 927 1414 judicio
939 1343 969 1397 ei
980 1338 1132 1410 industria,

64 1419 141 1494 quod
161 1419 231 1476 mihi
253 1419 342 1477 faciat
363 1419 443 1490 satio,
465 1424 611 1496 exspecto,
634 1425 664 1478 et
684 1439 768 1496 spero
789 1439 835 1478 me
857 1419 1043 1495 sequentibus
1062 1419 1134 1477 meis

62 1504 246 1557 ostensurum
290 1504 429 1574 quantum
460 1499 513 1558 tibi
544 1503 699 1575 propterea
730 1501 858 1559 debeam.
891 1498 1058 1571 serotini,
1080 1499 1134 1556 Vir

59 1579 138 1638 Olor.
155 1581 179 1652 *,
213 1581 397 1655 persuadeas,
428 1599 473 1638 ms
493 1581 556 1638 haec
577 1581 657 1638 nulla
677 1580 735 1638 alia
756 1580 791 1638 de
813 1600 909 1652 causa,
931 1600 1017 1655 quam
1039 1579 1133 1638 studio

62 1659 197 1718 veritatis
218 1679 362 1734 quaerere:
384 1660 457 1718 liber
477 1680 550 1730 sum,
562 1660 632 1718 nulli
644 1660 801 1719 adstrictus
812 1659 991 1736 professioni,
1004 1659 1135 1718 honestis

60 1739 233 1798 mercaturis
263 1759 309 1798 me
342 1740 397 1811 alo,
429 1746 459 1798 et
484 1745 608 1816 tempus,
630 1741 706 1816 quod
725 1740 797 1799 mihi
817 1740 958 1816 reliquum
980 1745 1033 1808 est,
1055 1739 1134 1798 hisce

60 1823 148 1878 rebus
169 1819 312 1895 impendo
336 1819 482 1879 Submisse
503 1841 617 1897 quoque
638 1841 719 1896 rogo,
740 1825 774 1879 ut
793 1841 866 1880 meae
881 1820 1066 1880 difficultates
1080 1819 1135 1878 tibi

60 1921 121 1958 non
148 1899 207 1957 sint
226 1899 367 1974 ingratae3
390 1900 414 1959 si
435 1902 472 1959 ad
493 1901 581 1960 hasce
602 1902 776 1976 respondere
797 1901 910 1960 animus
931 1906 984 1972 est,
1006 1900 1035 1959 id
1058 1900 1134 1977 quod

62 1979 265 2039 ardentissime
287 1980 380 2056 cupio,
403 1981 495 2040 scribe
517 1982 563 2052 ad,
585 1986 641 2040 etc.
657 1985 690 2018 ²¹¹*

670 2113 755 2174 Gora.
778 2133 816 2171 ua
836 2115 1047 2172 Bauausnaon.

96 2221 221 2266 Dordraci
240 2222 276 2268 12.
293 2222 413 2269 Deccmb.
432 2222 499 2268 1664.

97 2397 109 2424 *
141 2399 187 2445 Ex.
204 2398 290 2457 Belg.:
312 2400 413 2444 Woerda
430 2401 502 2456 Heer,
517 2400 545 2444 id
562 2402 602 2445 est
618 2399 722 2444 Domine
743 2399 879 2444 carissime.

97 2462 118 2482 *⁴
134 2461 180 2507 Ex.
196 2460 270 2519 Belg.
286 2462 339 2507 haec
357 2463 445 2508 addit:
463 2463 602 2520 onderwyle
619 2462 660 2508 ool
677 2462 717 2507 uk
733 2462 784 2520 atyn
801 2476 831 2506 en
848 2461 940 2518 Myron,

663 2525 750 2570 MIJN
762 2522 856 2568 HEER
1199 2577 1203 2582 .

734 2587 757 2631 U
769 2586 798 2630 E.
816 2585 995 2643 Dienstwillr'pe
1011 2586 1120 2641 dicmur,

863 2649 899 2695 W.
916 2660 966 2694 var
983 2646 1029 2696 Ba.
