2662 4298
547 342 688 383 aristone
709 344 837 383 xxxam.
1172 329 1228 386 325
1278 332 1283 341 '

109 558 139 580 ,.,,
156 512 244 569 valde
276 510 460 586 deprehendi.
487 509 666 568 Universalis
687 509 902 568 Demonstratio
923 511 978 568 hoc
998 510 1102 570 nititur
1122 512 1228 572 funda-

109 580 139 669 ,ζ
157 596 272 650 mento:
295 592 370 666 quod
391 591 416 648 is
435 591 531 666 justus
552 589 591 648 sit
610 590 697 659 lusor,
721 589 770 665 qui
784 609 865 648 suam
879 590 1011 649 lucrandi
1025 595 1076 650 aut
1090 593 1230 667 perdendi

109 670 132 747 ’ζ
157 677 275 742 sortem,
298 691 349 729 seu
370 671 624 745 exspectationem,
646 690 710 728 cum
725 669 884 728 adversarii
898 675 976 729 sorte
987 673 1127 747 aequalem
1137 673 1228 748 ponit.

120 756 136 819 ζ’
157 752 231 810 Haec
253 751 405 826 aequalitas
426 751 558 809 consistit
578 749 610 807 in
632 756 718 820 sorte,
741 754 771 808 et
788 750 818 808 in
829 751 959 826 pecunia,
972 772 1058 826 quam
1071 753 1229 812 adversarii

109 836 129 903 ,L
157 833 306 906 deponunt
327 851 361 889 ac
381 831 597 905 periclitantem
620 831 675 888 hoc
695 835 748 900 est,
766 829 790 888 si
805 850 868 888 sors
882 831 1026 907 utrimque
1040 837 1086 890 est
1100 834 1228 908 aequalia,

109 906 131 979 ᾗ
157 911 279 987 quilibet
310 911 397 978 etiam
430 912 554 986 aequales
582 929 713 968 nummos
734 911 877 986 deponere
898 915 928 969 et
948 911 1104 987 periclitari
1125 913 1228 973 debet:

109 1000 128 1061 1,ss
157 992 182 1050 si
203 1011 273 1050 vero
295 1011 357 1048 sors
378 991 416 1049 sit
435 991 596 1066 inaequalis
618 1011 694 1049 unus
715 1010 748 1048 eo
759 991 824 1066 plus
834 991 965 1066 pecuniae
979 993 1122 1068 deponere
1133 994 1226 1066 debet,

111 1068 127 1142 ᾗ·
158 1091 215 1147 quo
240 1091 293 1129 sua
314 1091 376 1129 sors
396 1072 488 1146 major
510 1075 563 1142 est,
585 1075 711 1146 tuncque
732 1071 911 1146 exspectatio
931 1071 1077 1147 utrimque
1099 1074 1227 1148 aequalis,

109 1144 124 1171 ⁸
157 1156 187 1210 et
222 1156 430 1225 consequenter
450 1152 529 1209 lusus
551 1171 652 1226 aequus
673 1151 737 1210 erit.
761 1151 790 1209 si
811 1151 895 1222 enim,
918 1153 1042 1228 exempli
1063 1153 1168 1228 gratia,
1190 1155 1226 1224 A,

109 1244 122 1312 ζ
157 1251 223 1290 cum
244 1232 269 1288 B
289 1232 401 1302 ludens,
424 1234 495 1290 duas
515 1231 648 1290 lucrandi
670 1231 910 1306 exspectationes,
923 1236 953 1291 et
963 1233 1102 1308 perdendi
1113 1233 1227 1292 unicam

157 1317 280 1382 tantum,
314 1316 343 1369 et
373 1316 491 1371 econtra
521 1313 546 1369 B
572 1311 664 1370 solum
684 1311 799 1370 unicam
819 1312 950 1370 lucrandi
971 1313 1225 1388 exspectationem,

157 1397 187 1450 ct
218 1392 291 1450 duas
322 1393 410 1450 habet
441 1391 599 1464 amittendi,
633 1393 710 1449 clare
741 1396 871 1467 apparet,
894 1392 969 1467 quod
991 1394 1018 1451 A
1039 1397 1152 1452 tantum
1173 1413 1226 1469 pro

110 1474 116 1547 'j
156 1491 330 1547 unaquaque
361 1476 439 1530 sorte
467 1472 554 1530 debet
573 1470 739 1548 periclitari,
762 1476 901 1548 quantum
923 1474 947 1530 B
968 1492 1021 1548 pro
1042 1493 1095 1532 sua
1116 1474 1227 1549 pericli·

109 1570 113 1629 j
156 1557 246 1621 tatur,
269 1552 323 1610 hoc
345 1556 397 1623 est,
420 1553 447 1610 A
469 1553 555 1611 debet
575 1552 693 1627 duplum
713 1551 803 1627 ipsius
824 1553 849 1609 B
869 1551 1036 1628 periclitari.

198 1632 262 1690 Hoc
283 1636 316 1690 ut
337 1633 431 1690 adhuc
452 1633 557 1691 clarius
578 1633 771 1704 ostendamus
794 1652 997 1708 supponemus
1019 1638 1087 1702 tres,
1099 1634 1136 1708 A,
1148 1635 1182 1705 B,
1195 1634 1225 1702 Ο,

159 1712 265 1788 aequali
286 1712 503 1788 exspectatione
522 1713 600 1771 inter
620 1733 651 1771 se
671 1713 779 1783 ludere,
802 1717 831 1771 et
842 1732 1074 1789 unumquemque
1086 1715 1226 1790 aequalem

157 1792 288 1868 pecuniae
311 1813 451 1851 summam
472 1793 630 1868 deponere:
654 1793 838 1851 manifestum
860 1798 912 1864 est,
935 1794 1019 1869 quod,
1042 1793 1110 1869 quia
1131 1794 1227 1870 quivis

159 1873 286 1948 aequales
316 1893 448 1931 nummos
478 1873 605 1948 deponit,
630 1873 826 1948 unusquisque
847 1873 933 1931 etiam
955 1893 1014 1931 non
1034 1873 1090 1932 nisi
1110 1875 1227 1933 tertiam

157 1958 271 2029 partem
301 1953 489 2028 periclitetur,
522 1958 555 2011 ut
587 1953 659 2011 duas
689 1952 792 2011 tertias
823 1954 959 2025 lucretur,
992 1954 1134 2029 quodque,
1160 1955 1227 2030 quia

157 2033 279 2109 quilibet
300 2038 401 2091 contra
423 2033 494 2091 duos
514 2032 596 2100 ludit,
619 2033 714 2108 quitis
733 2052 820 2092 unam
841 2037 954 2091 tantum
980 2033 1111 2091 lucrandi
1128 2053 1226 2110 exspe-

157 2113 322 2186 ctationem,
346 2134 380 2171 ac
394 2113 466 2171 duas
481 2112 631 2182 amittendi
643 2114 740 2171 habet.
762 2112 792 2170 Si
802 2116 973 2185 statuamus,
985 2113 1102 2171 tertium
1113 2114 1226 2180 horum,

157 2199 225 2252 ante
250 2194 344 2252 lusum
365 2193 540 2262 inchoatum,
563 2213 666 2268 nempe
687 2193 716 2264 Ο,
739 2192 850 2251 lusione
872 2193 945 2250 velle
967 2192 1115 2266 desistere,
1137 2194 1226 2252 mani-

155 2276 261 2332 festum
293 2279 345 2345 est,
379 2294 444 2332 eum
472 2273 501 2331 id
530 2274 684 2344 duntaxat,
706 2273 782 2348 quod
804 2272 945 2347 deposuit,
967 2273 1022 2331 hoc
1043 2281 1088 2332 est
1108 2274 1225 2332 tertiam

155 2359 279 2430 partem,
302 2355 406 2412 debere
426 2353 567 2429 recipere3
590 2352 620 2411 et
640 2355 674 2424 B,
696 2353 721 2411 ei
742 2353 987 2428 exspectationem
1007 2352 1097 2428 ipsius
1119 2353 1228 2412 Ovelit

156 2454 259 2505 emere,
292 2439 321 2492 et
352 2434 429 2492 illius
458 2433 489 2491 in
512 2434 607 2492 locum
628 2433 790 2504 succedere,
811 2436 926 2491 tantum
947 2433 1051 2492 debere
1072 2435 1224 2509 deponere,

156 2519 298 2590 quantum
329 2514 350 2573 Ο
380 2514 498 2590 recepit.
530 2514 606 2572 Huic
636 2513 753 2589 negotio
785 2512 887 2588 nequit
917 2532 980 2572 sese
1011 2514 1037 2571 A
1060 2533 1224 2590 opponere:

155 2594 261 2653 etenim
281 2594 337 2670 ipsi
357 2595 477 2670 perinde
498 2599 551 2665 est,
575 2615 612 2652 an
633 2614 698 2652 cum
719 2613 777 2652 una
799 2597 899 2652 contra
913 2595 986 2652 duas
998 2595 1222 2653 sortesduorum

155 2675 335 2734 diversorum
364 2675 502 2746 lusorum,
534 2695 572 2733 an
604 2694 667 2734 cum
697 2694 755 2732 uno
776 2674 871 2732 lusere
892 2675 985 2733 aleam
1006 2676 1116 2734 subeat.
1139 2675 1225 2748 Hinc,

156 2776 245 2831 quum
266 2757 331 2814 haec
351 2755 393 2814 ita
414 2775 445 2813 se
465 2756 603 2826 habeant,
625 2755 766 2831 sequitur,
788 2754 873 2830 quod,
893 2754 917 2812 si
933 2754 998 2831 quis
1010 2775 1127 2813 manum
1142 2775 1224 2814 suam

156 2841 267 2906 exerat,
291 2840 333 2906 ut,
355 2836 379 2894 si
400 2835 474 2894 alter
495 2836 530 2893 de
551 2836 663 2894 duobus
683 2834 810 2894 numeris
831 2855 920 2893 unum
943 2834 1086 2910 conjiciat,
1102 2855 1223 2911 eumque

155 2917 321 2991 conjectura
352 2919 533 2991 assequatur,
565 2919 674 2974 certam
704 2934 885 2973 nummorum
916 2935 1056 2973 summam
1076 2916 1224 2987 lucretur;

154 2997 210 3065 vel,
243 2996 268 3054 si
298 3015 314 3054 e
345 2995 489 3054 contrario
519 2997 643 3068 aberret,
675 2996 814 3071 aequalem
836 3015 976 3053 summam
997 2995 1115 3070 perdat;
1138 2996 1223 3071 quod,

154 3077 282 3151 inquam,
304 3075 482 3151 exspectatio
503 3075 649 3151 utrimque
669 3075 789 3151 aequalis
809 3078 862 3148 est,
885 3074 1020 3133 nimirum
1040 3079 1100 3133 tam
1122 3075 1156 3144 ei,
1176 3076 1224 3150 qui

154 3176 271 3215 manum
303 3154 443 3226 extendit,
472 3160 505 3214 ut
535 3156 609 3214 alter
640 3155 759 3227 divinet,
791 3175 876 3230 quam
903 3155 949 3214 cui
969 3154 1118 3213 divinandi
1139 3155 1224 3213 datur

154 3241 293 3312 potestas.
323 3236 413 3294 Porro
436 3235 460 3294 si
480 3255 598 3294 manum
619 3236 767 3307 extendat,
788 3240 821 3294 ut
842 3235 917 3294 alter
936 3235 1030 3311 prima
1050 3234 1114 3292 vioe
1134 3254 1224 3293 unum

155 3337 192 3374 ex
224 3317 317 3376 tribus
347 3315 474 3375 numeris
505 3315 623 3387 divinet,
653 3319 767 3374 etcum
788 3315 943 3374 divinando
965 3319 1072 3374 certam
1093 3315 1223 3389 pecuniae

155 3417 294 3456 summam
316 3396 423 3470 vincat,
446 3397 493 3455 vel
514 3396 559 3455 ein
579 3395 683 3468 minue,
706 3395 854 3454 dimidium
868 3395 952 3453 istius
965 3394 1095 3471 pecuniae
1110 3396 1222 3470 perdat,

155 3498 217 3535 sors
248 3483 279 3537 et
303 3476 482 3552 exspectatio
503 3476 647 3552 utrimque
669 3480 714 3535 est
734 3475 870 3550 aequalis;
892 3475 1024 3534 similiter
1044 3474 1223 3550 exspectatio

156 3577 269 3632 quoque
290 3557 412 3634 aequalis
433 3561 485 3629 est,
508 3556 587 3627 siis,
609 3555 658 3632 qui
678 3575 795 3614 manum
816 3555 918 3627 exerit,
940 3554 989 3612 alii
999 3554 1044 3613 bis
1054 3555 1224 3631 conjiciendi

154 3638 266 3713 copiam
299 3639 357 3710 dat,
390 3643 423 3696 ut
443 3637 468 3696 si
488 3637 655 3712 conjectura
675 3640 858 3711 assequatur,
877 3639 986 3693 certam
1006 3655 1147 3694 summam
1169 3635 1223 3694 sibi

154 3719 270 3790 habeat,
292 3719 348 3790 vel,
370 3717 395 3776 si
414 3717 617 3789 hallucinetur‚
640 3717 901 3792 duplomulctetur.
924 3716 993 3774 Sors
1002 3720 1033 3774 et
1044 3715 1222 3791 exspectatio

156 3799 275 3873 aequalis
296 3817 407 3874 quoque
427 3802 481 3870 est,
502 3797 527 3856 si
546 3797 602 3873 ipsi
623 3796 763 3867 concedit,
784 3800 818 3855 ut
838 3797 874 3854 de
895 3799 1020 3872 quatuor
1036 3795 1164 3854 numeris
1177 3800 1223 3855 ter
