2662 4298
482 338 838 383 Turonoslcoroulrlcun.

635 561 690 618 XX

504 747 546 803 (ad
563 760 621 806 pag.
640 747 677 804 73,
700 751 760 794 tom.
778 748 821 806 Π).

171 891 250 949 Onon
270 891 320 966 qni
338 909 368 947 se
386 896 450 948 sont
469 890 569 947 mosten
589 891 624 947 de
644 897 812 949 commentor
832 910 862 949 co
886 890 977 963 Tanto,
999 890 1069 949 t'ont
1089 890 1201 967 corrept

125 972 160 1029 oto
192 977 259 1029 cotto
288 976 378 1028 sorte:
410 977 435 1028 et
459 970 611 1029 Atratum
632 973 748 1045 s'ensne't
769 977 842 1028 etse
862 973 953 1029 natira
974 972 1038 1029 oter
1059 971 1200 1029 Ptotonnto

125 1053 173 1125 frte
204 1052 238 1109 de
266 1050 418 1108 Homitnd
449 1050 512 1125 Roy
543 1051 576 1108 oto
610 1050 714 1122 Gesnr,
740 1051 777 1108 ont
797 1052 820 1109 il
840 1052 976 1110 domeure
997 1054 1069 1110 trois
1091 1070 1152 1121 ons,
1174 1057 1203 1109 et

127 1132 226 1189 David
248 1132 356 1204 ptonro
375 1149 427 1189 son
447 1131 493 1204 fils
513 1136 573 1188 tont
594 1131 618 1188 lo
638 1137 727 1207 temps
748 1130 819 1207 qn'it
835 1131 887 1205 fnt
907 1133 926 1189 ὰ
949 1132 1053 1190 Gesnr.
1075 1132 1154 1189 Mais
1174 1133 1200 1188 st

126 1213 191 1269 o'ost
223 1212 252 1268 lo
282 1230 311 1268 oe
333 1230 386 1286 qne
409 1210 465 1269 t'on
487 1212 595 1287 appello
615 1212 795 1290 interpreter.
817 1217 843 1269 et
863 1212 910 1269 s’il
930 1219 968 1270 est
984 1213 1097 1288 pennis
1118 1213 1152 1269 do
1172 1229 1201 1268 so

126 1293 237 1350 donner
257 1297 322 1349 cette
334 1292 433 1349 tierneo
443 1292 517 1349 donc
528 1290 705 1364 t’enposition
718 1294 752 1350 de
763 1291 940 1364 l’Escnitnro,
953 1298 977 1350 ot
988 1293 1022 1349 de
1033 1298 1199 1365 transposes·

126 1373 160 1430 do
192 1372 222 1428 to
251 1376 326 1429 sotto
356 1373 404 1429 dos
433 1371 554 1447 phrases
577 1377 637 1429 tont
658 1374 775 1430 entiores
795 1374 849 1430 soit
870 1391 903 1430 en
925 1373 1069 1448 ojonttont,
1091 1373 1144 1428 soit
1166 1389 1200 1428 en

125 1452 312 1509 retronotont
334 1450 455 1527 qnctqno'
472 1452 559 1522 chose,
574 1451 695 1526 j’ooono'
714 1451 786 1528 qn’il
806 1458 848 1511 ost
862 1455 975 1527 pennis
990 1453 1024 1510 oto
1035 1469 1200 1525 corrompno

94 1568 96 1572 ν
126 1532 307 1604 l'Esoritnre,
329 1538 354 1589 ot
375 1532 408 1589 de
429 1533 477 1608 lny
498 1533 608 1590 donner
629 1551 735 1590 cornone
755 1533 824 1591 dnn
835 1552 970 1592 moroeon
981 1534 1015 1590 oto
1027 1534 1085 1589 cire
1098 1537 1200 1589 ontont

126 1613 161 1669 ote
180 1613 289 1686 formes
309 1631 362 1688 qno
382 1613 439 1669 l’on
460 1613 580 1670 oondro.

629 1850 699 1908 XXI

503 2037 546 2095 (ad
562 2051 620 2096 pag.
639 2037 676 2094 78,
699 2041 760 2083 tom.
777 2037 820 2093 ΙΙ).

166 2179 225 2238 LB.
248 2179 348 2237 Moru.
372 2177 472 2238 Oritur
493 2177 540 2237 hic
561 2177 694 2254 suspicio,
717 2178 741 2236 si
762 2177 877 2254 quidem
899 2177 1024 2254 suspicio
1036 2177 1214 2253 dicipotest‘

126 2259 203 2335 quod
235 2263 345 2317 certum
378 2262 430 2331 est,
462 2278 500 2317 ex
531 2258 702 2317 deductione
733 2257 913 2333 genealogiae
938 2256 1017 2333 regis
1037 2258 1196 2331 Jechoniae,

126 2359 192 2415 quae
222 2339 348 2397 traditur
371 2359 433 2415 cap.
457 2340 484 2398 3.
505 2339 525 2397 1.
549 2339 575 2398 1.
597 2340 693 2398 Paral.
716 2344 746 2398 et
766 2337 935 2416 producitur
956 2357 1047 2414 usque
1068 2339 1105 2396 ad
1125 2338 1200 2398 filios

125 2419 308 2495 Eljohgenai,
339 2419 389 2495 qui
420 2418 522 2478 decimi
544 2419 624 2478 tertii
645 2421 681 2477 ab
703 2439 736 2479 eo
758 2423 857 2491 crant;
880 2423 910 2478 et
929 2419 1099 2491 notandum,
1122 2419 1199 2494 quod

126 2501 146 2558 J
148 2500 284 2559 echonias
304 2499 369 2572 iste,
392 2520 457 2558 cum
478 2500 504 2559 ei
525 2503 634 2559 catenae
654 2499 769 2576 injectae
783 2503 862 2572 sunt,
874 2499 981 2558 liberos
994 2519 1052 2558 non
1063 2499 1199 2570 habebat,

126 2580 178 2639 sed
217 2579 333 2639 videtur
363 2581 440 2656 quod
471 2580 577 2640 liberos
606 2580 637 2638 in
669 2601 784 2640 carcere
815 2580 957 2656 genuerit,
990 2584 1130 2656 quantum
1162 2599 1200 2638 ex

126 2659 291 2718 nominibus
322 2680 387 2736 quae
418 2660 454 2719 iis
485 2660 564 2719 dedit
585 2660 726 2738 conjicere
747 2661 823 2721 licet.
845 2661 887 2720 At
907 2665 1038 2737 nepotes,
1060 2664 1200 2736 quantum

127 2740 215 2799 etiam
248 2759 286 2799 ex
317 2760 415 2799 eorum
447 2741 610 2800 nominibus
641 2742 783 2817 conjicere
812 2741 889 2812 licet,
921 2741 1058 2801 habuisse
1085 2740 1201 2799 videtur

126 2826 282 2897 postquam
312 2841 329 2880 e
360 2840 475 2880 carcere
504 2821 645 2881 liberatus
676 2822 747 2895 fuit3
780 2842 815 2881 ao
845 2822 966 2898 proinde
991 2822 1065 2881 ΓΙἪ
1091 2820 1200 2896 Pedaja

128 2902 218 2976 (quod
240 2901 386 2975 significat
406 2903 484 2960 Dens
506 2903 656 2976 liberavit),
680 2902 780 2978 quiin
801 2903 856 2960 hoo
876 2902 972 2979 capito
993 2901 1099 2960 dicitur
1112 2901 1202 2960 fuisse

126 2985 212 3057 pater
246 2981 461 3054 Zerubbabelis,
493 2986 581 3040 natus
611 2984 684 3040 est*
709 3003 786 3040 anno
808 2983 856 3040 37.
878 2987 930 3041 aut
951 2983 999 3040 38.
1021 2980 1204 3056 captivitatis

128 3061 290 3132 tectonica,
323 3063 378 3121 hoc
409 3066 454 3120 est
486 3063 533 3120 33.
559 3061 643 3120 annis
663 3067 818 3138 antequam
840 3063 934 3137 Cyrus
955 3061 1065 3120 Judaeis
1086 3061 1201 3120 veniam

128 3140 217 3212 dedit,
261 3145 291 3199 et
331 3147 540 3218 consequenter
581 3142 769 3212 Zcrubbabel,
806 3161 890 3218 quem
922 3142 1016 3218 (tyrus
1045 3140 1201 3232 Judaeis**

126 3226 328 3361 neuun
359 3223 421 3361 tt
443 3223 697 3378 tutuno
727 3223 1057 3378 {istautttutttmtt
1085 3220 1202 3371 uit?

128 3401 202 3458 quas
223 3383 362 3458 temporis
383 3383 515 3458 gravitas
526 3385 575 3456 ***
597 3382 743 3459 explicare
762 3402 822 3441 nou
843 3381 920 3440 sinit.
943 3381 999 3440 Sed
1009 3379 1201 3456 prudentibus
1267 3433 1274 3445 ,

129 3482 191 3521 rem
221 3462 350 3522 indicare
380 3463 501 3535 suffieit3
533 3463 582 3539 qui
613 3463 637 3522 si
665 3464 741 3522 hano
761 3461 910 3521 Jeohoniae
930 3460 1076 3536 integram
1096 3478 1201 3536 proge-

129 3542 216 3613 niem,
249 3563 314 3618 quae
335 3543 462 3602 traditur
482 3562 544 3619 cap.
568 3546 595 3603 3.
616 3543 666 3602 lib.
690 3546 716 3602 1.
738 3543 835 3602 Paral.
857 3561 894 3601 ex
915 3562 958 3600 vs.
982 3541 1029 3599 17.
1051 3558 1143 3615 usque
1164 3539 1201 3598 ad

128 3624 215 3681 finem
252 3623 343 3699 ipsius
382 3622 494 3700 capitis,
534 3623 631 3700 aliqua
669 3643 733 3682 cum
768 3622 930 3682 attentione
960 3638 1138 3698 percurrere,
1172 3622 1202 3679 et

128 3704 285 3762 Hebraeum
331 3709 445 3763 textum
489 3724 554 3763 oum
592 3703 725 3763 versione
762 3723 826 3780 quae
865 3701 1060 3779 Septuaginta
1098 3698 1205 3759 dicitur

130 3784 262 3843 conferre
300 3784 399 3856 velint,
438 3785 517 3843 nullo
554 3784 672 3860 negotio
711 3783 810 3842 videre
849 3787 996 3859 poterunt,
1029 3783 1083 3840 hos
1113 3779 1205 3838 libros
