<?xml version="1.0" encoding="UTF-8"?>
<!DOCTYPE html PUBLIC "-//W3C//DTD XHTML 1.0 Transitional//EN"
    "http://www.w3.org/TR/xhtml1/DTD/xhtml1-transitional.dtd">
<html xmlns="http://www.w3.org/1999/xhtml" xml:lang="en" lang="en">
 <head>
  <title>
</title>
<meta http-equiv="Content-Type" content="text/html;charset=utf-8" />
  <meta name='ocr-system' content='tesseract 3.04.00' />
  <meta name='ocr-capabilities' content='ocr_page ocr_carea ocr_par ocr_line ocrx_word'/>
</head>
<body>
  <div class='ocr_page' id='page_1' title='image "./operaquotquotre00landgoog/operaquotquotre00landgoog_0310.png"; bbox 0 0 2662 4298; ppageno 0'>
   <div class='ocr_carea' id='block_1_1' title="bbox 560 346 1230 403">
    <p class='ocr_par' dir='ltr' id='par_1_1' title="bbox 560 346 1230 403">
     <span class='ocr_line' id='line_1_1' title="bbox 560 346 1230 403; baseline 0.006 -4"><span class='ocrx_word' id='word_1_1' title='bbox 560 359 698 400; x_wconf 74' lang='grc'><strong>33133333</strong></span> <span class='ocrx_word' id='word_1_2' title='bbox 724 361 820 402; x_wconf 84' lang='lat' dir='ltr'><strong>xxxu.</strong></span> <span class='ocrx_word' id='word_1_3' title='bbox 1172 346 1230 403; x_wconf 87' lang='lat'><strong>309</strong></span> 
     </span>
    </p>
   </div>
   <div class='ocr_carea' id='block_1_2' title="bbox 125 527 1230 3251">
    <p class='ocr_par' dir='ltr' id='par_1_2' title="bbox 157 527 1229 1308">
     <span class='ocr_line' id='line_1_2' title="bbox 160 527 1229 604; baseline 0.001 -17"><span class='ocrx_word' id='word_1_4' title='bbox 160 530 236 587; x_wconf 86' lang='lat' dir='ltr'><strong>inter</strong></span> <span class='ocrx_word' id='word_1_5' title='bbox 267 548 297 586; x_wconf 91' lang='lat' dir='ltr'><strong>se</strong></span> <span class='ocrx_word' id='word_1_6' title='bbox 329 527 503 602; x_wconf 88' lang='lat' dir='ltr'><strong>discrepant,</strong></span> <span class='ocrx_word' id='word_1_7' title='bbox 538 532 658 586; x_wconf 87' lang='lat' dir='ltr'><strong>eatenus</strong></span> <span class='ocrx_word' id='word_1_8' title='bbox 687 548 867 604; x_wconf 87' lang='lat' dir='ltr'><strong>unaquaeque</strong></span> <span class='ocrx_word' id='word_1_9' title='bbox 881 530 911 603; x_wconf 93' lang='grc'><strong>3)</strong></span> <span class='ocrx_word' id='word_1_10' title='bbox 942 529 1035 588; x_wconf 89' lang='lat' dir='ltr'><strong>ideam</strong></span> <span class='ocrx_word' id='word_1_11' title='bbox 1066 531 1102 588; x_wconf 84' lang='lat' dir='ltr'><strong>ab</strong></span> <span class='ocrx_word' id='word_1_12' title='bbox 1123 529 1229 597; x_wconf 88' lang='grc'><strong>311131)</strong></span> 
     </span>
     <span class='ocr_line' id='line_1_3' title="bbox 157 608 1229 685; baseline 0.001 -18"><span class='ocrx_word' id='word_1_13' title='bbox 157 609 322 667; x_wconf 77' lang='lat' dir='ltr'><strong>distinctam</strong></span> <span class='ocrx_word' id='word_1_14' title='bbox 343 608 373 666; x_wconf 94' lang='lat' dir='ltr'><strong>in</strong></span> <span class='ocrx_word' id='word_1_15' title='bbox 395 612 496 665; x_wconf 89' lang='lat' dir='ltr'><strong>nostra</strong></span> <span class='ocrx_word' id='word_1_16' title='bbox 519 608 617 666; x_wconf 86' lang='lat' dir='ltr'><strong>Mente</strong></span> <span class='ocrx_word' id='word_1_17' title='bbox 639 608 753 680; x_wconf 85' lang='lat' dir='ltr'><strong>format,</strong></span> <span class='ocrx_word' id='word_1_18' title='bbox 774 629 809 667; x_wconf 89' lang='lat' dir='ltr'><strong>ae</strong></span> <span class='ocrx_word' id='word_1_19' title='bbox 829 609 949 685; x_wconf 86' lang='lat' dir='ltr'>proinde</span> <span class='ocrx_word' id='word_1_20' title='bbox 964 612 988 683; x_wconf 88' lang='lat' dir='ltr'><strong>c)</strong></span> <span class='ocrx_word' id='word_1_21' title='bbox 1007 614 1154 682; x_wconf 87' lang='lat' dir='ltr'><strong>attotam,</strong></span> <span class='ocrx_word' id='word_1_22' title='bbox 1170 630 1229 668; x_wconf 91' lang='lat' dir='ltr'><strong>nou</strong></span> 
     </span>
     <span class='ocr_line' id='line_1_4' title="bbox 159 688 1229 766; baseline 0.001 -19"><span class='ocrx_word' id='word_1_23' title='bbox 159 696 190 747; x_wconf 91' lang='lat' dir='ltr'><strong>ut</strong></span> <span class='ocrx_word' id='word_1_24' title='bbox 210 709 278 765; x_wconf 88' lang='lat' dir='ltr'><strong>pars</strong></span> <span class='ocrx_word' id='word_1_25' title='bbox 290 692 330 758; x_wconf 85' lang='lat' dir='ltr'><strong>d),</strong></span> <span class='ocrx_word' id='word_1_26' title='bbox 352 688 561 746; x_wconf 79' lang='lat' dir='ltr'>consideratur.</span> <span class='ocrx_word' id='word_1_27' title='bbox 573 689 629 747; x_wconf 83' lang='lat' dir='ltr'><strong>Ex.</strong></span> <span class='ocrx_word' id='word_1_28' title='bbox 642 708 685 763; x_wconf 91' lang='lat' dir='ltr'><strong>gr.</strong></span> <span class='ocrx_word' id='word_1_29' title='bbox 698 708 762 747; x_wconf 91' lang='lat' dir='ltr'><strong>cum</strong></span> <span class='ocrx_word' id='word_1_30' title='bbox 773 694 868 748; x_wconf 81' lang='lat' dir='ltr'><strong>motus</strong></span> <span class='ocrx_word' id='word_1_31' title='bbox 878 689 1083 764; x_wconf 86' lang='lat' dir='ltr'><strong>particularum</strong></span> <span class='ocrx_word' id='word_1_32' title='bbox 1094 689 1229 766; x_wconf 87' lang='lat' dir='ltr'><strong>lymphae,</strong></span> 
     </span>
     <span class='ocr_line' id='line_1_5' title="bbox 157 768 1227 845; baseline 0.001 -18"><span class='ocrx_word' id='word_1_33' title='bbox 157 770 242 844; x_wconf 81' lang='lat' dir='ltr'><strong>chyli,</strong></span> <span class='ocrx_word' id='word_1_34' title='bbox 274 774 328 828; x_wconf 89' lang='grc'><strong>313.</strong></span> <span class='ocrx_word' id='word_1_35' title='bbox 362 768 486 826; x_wconf 90' lang='lat' dir='ltr'><strong>invicem</strong></span> <span class='ocrx_word' id='word_1_36' title='bbox 519 787 572 842; x_wconf 93' lang='lat' dir='ltr'><strong>pro</strong></span> <span class='ocrx_word' id='word_1_37' title='bbox 601 768 714 827; x_wconf 89' lang='lat' dir='ltr'><strong>ratione</strong></span> <span class='ocrx_word' id='word_1_38' title='bbox 735 769 941 844; x_wconf 83' lang='lat' dir='ltr'><strong>magnitudinis</strong></span> <span class='ocrx_word' id='word_1_39' title='bbox 963 774 992 828; x_wconf 90' lang='lat' dir='ltr'><strong>et</strong></span> <span class='ocrx_word' id='word_1_40' title='bbox 1011 770 1112 845; x_wconf 68' lang='lat' dir='ltr'><strong>figurae</strong></span> <span class='ocrx_word' id='word_1_41' title='bbox 1132 770 1174 828; x_wconf 89' lang='lat' dir='ltr'><strong>ita</strong></span> <span class='ocrx_word' id='word_1_42' title='bbox 1197 789 1227 828; x_wconf 88' lang='grc'><strong>33</strong></span> 
     </span>
     <span class='ocr_line' id='line_1_6' title="bbox 159 847 1229 926; baseline 0 -18"><span class='ocrx_word' id='word_1_43' title='bbox 159 851 384 919; x_wconf 87' lang='lat' dir='ltr'><strong>accommodant,</strong></span> <span class='ocrx_word' id='word_1_44' title='bbox 407 853 440 905; x_wconf 89' lang='lat' dir='ltr'><strong>ut</strong></span> <span class='ocrx_word' id='word_1_45' title='bbox 459 847 546 923; x_wconf 88' lang='lat' dir='ltr'><strong>plane</strong></span> <span class='ocrx_word' id='word_1_46' title='bbox 567 847 644 906; x_wconf 89' lang='lat' dir='ltr'><strong>inter</strong></span> <span class='ocrx_word' id='word_1_47' title='bbox 664 869 695 907; x_wconf 89' lang='lat' dir='ltr'><strong>se</strong></span> <span class='ocrx_word' id='word_1_48' title='bbox 709 849 899 920; x_wconf 81' lang='lat' dir='ltr'><strong>consentiant,</strong></span> <span class='ocrx_word' id='word_1_49' title='bbox 914 870 1059 926; x_wconf 90' lang='lat' dir='ltr'><strong>unumque</strong></span> <span class='ocrx_word' id='word_1_50' title='bbox 1072 854 1097 923; x_wconf 86' lang='lat' dir='ltr'><strong>e)</strong></span> <span class='ocrx_word' id='word_1_51' title='bbox 1112 850 1229 908; x_wconf 89' lang='lat' dir='ltr'><strong>fluidum</strong></span> 
     </span>
     <span class='ocr_line' id='line_1_7' title="bbox 158 927 1229 1006; baseline 0 -19"><span class='ocrx_word' id='word_1_52' title='bbox 158 931 242 988; x_wconf 90' lang='lat' dir='ltr'><strong>simul</strong></span> <span class='ocrx_word' id='word_1_53' title='bbox 272 949 371 988; x_wconf 90' lang='lat' dir='ltr'><strong>omnes</strong></span> <span class='ocrx_word' id='word_1_54' title='bbox 402 927 583 986; x_wconf 85' lang='lat' dir='ltr'><strong>constituant</strong></span> <span class='ocrx_word' id='word_1_55' title='bbox 595 929 635 1002; x_wconf 79' lang='lat' dir='ltr'><strong>f),</strong></span> <span class='ocrx_word' id='word_1_56' title='bbox 667 934 787 987; x_wconf 90' lang='lat' dir='ltr'><strong>eatenus</strong></span> <span class='ocrx_word' id='word_1_57' title='bbox 817 935 930 989; x_wconf 86' lang='lat' dir='ltr'><strong>tantum</strong></span> <span class='ocrx_word' id='word_1_58' title='bbox 963 930 1073 1005; x_wconf 76' lang='lat' dir='ltr'><strong>chyluS,</strong></span> <span class='ocrx_word' id='word_1_59' title='bbox 1102 930 1229 1006; x_wconf 85' lang='lat' dir='ltr'><strong>lympha,</strong></span> 
     </span>
     <span class='ocr_line' id='line_1_8' title="bbox 159 1007 1228 1085; baseline 0.001 -18"><span class='ocrx_word' id='word_1_60' title='bbox 159 1016 213 1068; x_wconf 84' lang='lat' dir='ltr'><strong>otc.</strong></span> <span class='ocrx_word' id='word_1_61' title='bbox 247 1015 279 1067; x_wconf 92' lang='lat' dir='ltr'><strong>ut</strong></span> <span class='ocrx_word' id='word_1_62' title='bbox 310 1014 408 1085; x_wconf 89' lang='lat' dir='ltr'><strong>partes</strong></span> <span class='ocrx_word' id='word_1_63' title='bbox 439 1007 591 1082; x_wconf 84' lang='lat' dir='ltr'><strong>sanguinis</strong></span> <span class='ocrx_word' id='word_1_64' title='bbox 603 1009 633 1084; x_wconf 77' lang='lat'><strong>9)</strong></span> <span class='ocrx_word' id='word_1_65' title='bbox 655 1009 891 1068; x_wconf 88' lang='lat' dir='ltr'><strong>considerantur:</strong></span> <span class='ocrx_word' id='word_1_66' title='bbox 912 1014 1055 1085; x_wconf 90' lang='lat' dir='ltr'><strong>quatenus</strong></span> <span class='ocrx_word' id='word_1_67' title='bbox 1074 1030 1144 1068; x_wconf 91' lang='lat' dir='ltr'><strong>vero</strong></span> <span class='ocrx_word' id='word_1_68' title='bbox 1164 1030 1228 1068; x_wconf 90' lang='lat' dir='ltr'><strong>con·</strong></span> 
     </span>
     <span class='ocr_line' id='line_1_9' title="bbox 159 1088 1227 1165; baseline 0.001 -18"><span class='ocrx_word' id='word_1_69' title='bbox 159 1091 286 1165; x_wconf 89' lang='lat' dir='ltr'><strong>cipimus,</strong></span> <span class='ocrx_word' id='word_1_70' title='bbox 308 1089 467 1164; x_wconf 88' lang='lat' dir='ltr'><strong>particulas</strong></span> <span class='ocrx_word' id='word_1_71' title='bbox 488 1088 683 1164; x_wconf 89' lang='lat' dir='ltr'><strong>lymphaticas</strong></span> <span class='ocrx_word' id='word_1_72' title='bbox 703 1090 816 1148; x_wconf 91' lang='lat' dir='ltr'><strong>ratione</strong></span> <span class='ocrx_word' id='word_1_73' title='bbox 836 1091 938 1164; x_wconf 88' lang='lat' dir='ltr'><strong>figurae</strong></span> <span class='ocrx_word' id='word_1_74' title='bbox 960 1094 990 1148; x_wconf 91' lang='lat' dir='ltr'><strong>et</strong></span> <span class='ocrx_word' id='word_1_75' title='bbox 1010 1095 1105 1148; x_wconf 90' lang='lat' dir='ltr'><strong>motus</strong></span> <span class='ocrx_word' id='word_1_76' title='bbox 1126 1110 1143 1148; x_wconf 98' lang='lat' dir='ltr'><strong>a</strong></span> <span class='ocrx_word' id='word_1_77' title='bbox 1163 1110 1227 1165; x_wconf 91' lang='lat' dir='ltr'><strong>par·</strong></span> 
     </span>
     <span class='ocr_line' id='line_1_10' title="bbox 161 1168 1227 1247; baseline 0 -19"><span class='ocrx_word' id='word_1_78' title='bbox 161 1170 256 1228; x_wconf 90' lang='lat' dir='ltr'><strong>ticulis</strong></span> <span class='ocrx_word' id='word_1_79' title='bbox 277 1169 354 1244; x_wconf 85' lang='lat' dir='ltr'><strong>ohyli</strong></span> <span class='ocrx_word' id='word_1_80' title='bbox 375 1168 548 1242; x_wconf 85' lang='lat' dir='ltr'><strong>discrepare,</strong></span> <span class='ocrx_word' id='word_1_81' title='bbox 574 1173 694 1227; x_wconf 90' lang='lat' dir='ltr'><strong>eatenus</strong></span> <span class='ocrx_word' id='word_1_82' title='bbox 705 1189 755 1227; x_wconf 88' lang='lat' dir='ltr'><strong>eas</strong></span> <span class='ocrx_word' id='word_1_83' title='bbox 765 1171 795 1243; x_wconf 88' lang='grc'><strong>1)</strong></span> <span class='ocrx_word' id='word_1_84' title='bbox 806 1175 839 1228; x_wconf 91' lang='grc'><strong>31</strong></span> <span class='ocrx_word' id='word_1_85' title='bbox 850 1175 952 1241; x_wconf 88' lang='lat' dir='ltr'><strong>toturn,</strong></span> <span class='ocrx_word' id='word_1_86' title='bbox 964 1171 1054 1247; x_wconf 86' lang='grc'><strong>3331)</strong></span> <span class='ocrx_word' id='word_1_87' title='bbox 1065 1174 1227 1245; x_wconf 82' lang='lat' dir='ltr'><strong>utpartem.</strong></span> 
     </span>
     <span class='ocr_line' id='line_1_11' title="bbox 159 1251 382 1308; baseline -0.004 -1"><span class='ocrx_word' id='word_1_88' title='bbox 159 1251 382 1308; x_wconf 81' lang='lat' dir='ltr'><strong>consideramus.</strong></span> 
     </span>
    </p>

    <p class='ocr_par' dir='ltr' id='par_1_3' title="bbox 125 1328 1230 3251">
     <span class='ocr_line' id='line_1_12' title="bbox 199 1328 1228 1405; baseline 0.001 -17"><span class='ocrx_word' id='word_1_89' title='bbox 199 1331 357 1404; x_wconf 84' lang='lat' dir='ltr'><strong>Fingamus</strong></span> <span class='ocrx_word' id='word_1_90' title='bbox 371 1330 401 1402; x_wconf 82' lang='grc'><strong>11)</strong></span> <span class='ocrx_word' id='word_1_91' title='bbox 421 1328 490 1404; x_wconf 86' lang='lat' dir='ltr'><strong>jam,</strong></span> <span class='ocrx_word' id='word_1_92' title='bbox 514 1328 538 1385; x_wconf 87' lang='lat' dir='ltr'><strong>si</strong></span> <span class='ocrx_word' id='word_1_93' title='bbox 560 1329 663 1403; x_wconf 87' lang='lat' dir='ltr'><strong>placet,</strong></span> <span class='ocrx_word' id='word_1_94' title='bbox 680 1329 867 1389; x_wconf 88' lang='lat' dir='ltr'><strong>vermiculum</strong></span> <span class='ocrx_word' id='word_1_95' title='bbox 884 1330 914 1388; x_wconf 91' lang='grc'><strong>13</strong></span> <span class='ocrx_word' id='word_1_96' title='bbox 929 1332 950 1402; x_wconf 86' lang='grc'><strong>1)</strong></span> <span class='ocrx_word' id='word_1_97' title='bbox 964 1330 1106 1405; x_wconf 85' lang='lat' dir='ltr'><strong>sanguine</strong></span> <span class='ocrx_word' id='word_1_98' title='bbox 1120 1330 1228 1401; x_wconf 84' lang='lat' dir='ltr'><strong>vivere,</strong></span> 
     </span>
     <span class='ocr_line' id='line_1_13' title="bbox 158 1408 1226 1486; baseline 0.003 -21"><span class='ocrx_word' id='word_1_99' title='bbox 158 1411 206 1485; x_wconf 85' lang='lat' dir='ltr'><strong>qui</strong></span> <span class='ocrx_word' id='word_1_100' title='bbox 231 1410 295 1468; x_wconf 91' lang='lat' dir='ltr'><strong>visu</strong></span> <span class='ocrx_word' id='word_1_101' title='bbox 316 1411 352 1468; x_wconf 89' lang='lat' dir='ltr'><strong>ad</strong></span> <span class='ocrx_word' id='word_1_102' title='bbox 374 1408 579 1467; x_wconf 87' lang='lat' dir='ltr'><strong>discernendas</strong></span> <span class='ocrx_word' id='word_1_103' title='bbox 600 1409 757 1483; x_wconf 88' lang='lat' dir='ltr'><strong>particulas</strong></span> <span class='ocrx_word' id='word_1_104' title='bbox 777 1410 936 1484; x_wconf 89' lang='lat' dir='ltr'><strong>sanguinis,</strong></span> <span class='ocrx_word' id='word_1_105' title='bbox 958 1411 1084 1486; x_wconf 89' lang='lat' dir='ltr'><strong>lymphae</strong></span> <span class='ocrx_word' id='word_1_106' title='bbox 1099 1412 1149 1484; x_wconf 80' lang='grc'><strong>13),</strong></span> <span class='ocrx_word' id='word_1_107' title='bbox 1172 1415 1226 1468; x_wconf 90' lang='lat' dir='ltr'><strong>etc.</strong></span> 
     </span>
     <span class='ocr_line' id='line_1_14' title="bbox 158 1487 1227 1566; baseline 0 -17"><span class='ocrx_word' id='word_1_108' title='bbox 158 1492 277 1561; x_wconf 90' lang='lat' dir='ltr'><strong>valeret,</strong></span> <span class='ocrx_word' id='word_1_109' title='bbox 300 1495 329 1548; x_wconf 89' lang='lat' dir='ltr'><strong>et</strong></span> <span class='ocrx_word' id='word_1_110' title='bbox 350 1487 473 1547; x_wconf 81' lang='lat' dir='ltr'><strong>Ratione</strong></span> <span class='ocrx_word' id='word_1_111' title='bbox 495 1489 531 1546; x_wconf 87' lang='lat' dir='ltr'><strong>ad</strong></span> <span class='ocrx_word' id='word_1_112' title='bbox 554 1491 777 1560; x_wconf 89' lang='lat' dir='ltr'><strong>observandum,</strong></span> <span class='ocrx_word' id='word_1_113' title='bbox 800 1492 941 1566; x_wconf 90' lang='lat' dir='ltr'><strong>quomodo</strong></span> <span class='ocrx_word' id='word_1_114' title='bbox 962 1510 1144 1566; x_wconf 86' lang='lat' dir='ltr'><strong>unaquaeque</strong></span> <span class='ocrx_word' id='word_1_115' title='bbox 1164 1510 1227 1565; x_wconf 90' lang='lat' dir='ltr'><strong>par-</strong></span> 
     </span>
     <span class='ocr_line' id='line_1_15' title="bbox 158 1568 1227 1646; baseline -0.001 -17"><span class='ocrx_word' id='word_1_116' title='bbox 158 1571 245 1629; x_wconf 90' lang='lat' dir='ltr'><strong>ticula</strong></span> <span class='ocrx_word' id='word_1_117' title='bbox 278 1591 315 1628; x_wconf 84' lang='lat' dir='ltr'><strong>ex</strong></span> <span class='ocrx_word' id='word_1_118' title='bbox 346 1568 466 1627; x_wconf 89' lang='lat' dir='ltr'><strong>alterius</strong></span> <span class='ocrx_word' id='word_1_119' title='bbox 491 1588 611 1628; x_wconf 87' lang='lat' dir='ltr'><strong>occursu</strong></span> <span class='ocrx_word' id='word_1_120' title='bbox 632 1572 678 1629; x_wconf 93' lang='lat' dir='ltr'><strong>vel</strong></span> <span class='ocrx_word' id='word_1_121' title='bbox 699 1571 799 1641; x_wconf 89' lang='lat' dir='ltr'><strong>resilit,</strong></span> <span class='ocrx_word' id='word_1_122' title='bbox 822 1571 868 1629; x_wconf 97' lang='lat' dir='ltr'><strong>vel</strong></span> <span class='ocrx_word' id='word_1_123' title='bbox 889 1576 1001 1646; x_wconf 91' lang='lat' dir='ltr'><strong>partem</strong></span> <span class='ocrx_word' id='word_1_124' title='bbox 1022 1570 1067 1629; x_wconf 91' lang='lat' dir='ltr'><strong>sui</strong></span> <span class='ocrx_word' id='word_1_125' title='bbox 1086 1573 1227 1644; x_wconf 80' lang='grc'><strong>33311133)</strong></span> 
     </span>
     <span class='ocr_line' id='line_1_16' title="bbox 156 1649 1228 1726; baseline 0 -17"><span class='ocrx_word' id='word_1_126' title='bbox 156 1651 355 1720; x_wconf 89' lang='lat' dir='ltr'><strong>communicat,</strong></span> <span class='ocrx_word' id='word_1_127' title='bbox 390 1655 445 1708; x_wconf 89' lang='grc'><strong>313.</strong></span> <span class='ocrx_word' id='word_1_128' title='bbox 477 1649 530 1707; x_wconf 87' lang='grc' dir='ltr'><strong>Π13</strong></span> <span class='ocrx_word' id='word_1_129' title='bbox 562 1650 674 1724; x_wconf 90' lang='lat' dir='ltr'><strong>quidem</strong></span> <span class='ocrx_word' id='word_1_130' title='bbox 695 1651 726 1708; x_wconf 93' lang='grc'><strong>13</strong></span> <span class='ocrx_word' id='word_1_131' title='bbox 746 1652 802 1710; x_wconf 90' lang='lat' dir='ltr'><strong>hoo</strong></span> <span class='ocrx_word' id='word_1_132' title='bbox 822 1651 972 1726; x_wconf 88' lang='lat' dir='ltr'><strong>sanguine,</strong></span> <span class='ocrx_word' id='word_1_133' title='bbox 996 1656 1028 1710; x_wconf 93' lang='lat' dir='ltr'><strong>ut</strong></span> <span class='ocrx_word' id='word_1_134' title='bbox 1049 1671 1102 1709; x_wconf 90' lang='lat' dir='ltr'><strong>nos</strong></span> <span class='ocrx_word' id='word_1_135' title='bbox 1122 1650 1153 1708; x_wconf 93' lang='grc'><strong>13</strong></span> <span class='ocrx_word' id='word_1_136' title='bbox 1174 1652 1228 1709; x_wconf 89' lang='lat' dir='ltr'><strong>hac</strong></span> 
     </span>
     <span class='ocr_line' id='line_1_17' title="bbox 157 1729 1228 1808; baseline -0.001 -18"><span class='ocrx_word' id='word_1_137' title='bbox 157 1737 240 1807; x_wconf 88' lang='lat' dir='ltr'><strong>parte</strong></span> <span class='ocrx_word' id='word_1_138' title='bbox 264 1729 392 1789; x_wconf 87' lang='lat' dir='ltr'><strong>universi</strong></span> <span class='ocrx_word' id='word_1_139' title='bbox 406 1735 442 1801; x_wconf 86' lang='grc'><strong>3),</strong></span> <span class='ocrx_word' id='word_1_140' title='bbox 463 1729 585 1801; x_wconf 89' lang='lat' dir='ltr'><strong>viveret,</strong></span> <span class='ocrx_word' id='word_1_141' title='bbox 606 1735 635 1788; x_wconf 92' lang='lat' dir='ltr'><strong>et</strong></span> <span class='ocrx_word' id='word_1_142' title='bbox 649 1751 881 1808; x_wconf 86' lang='lat' dir='ltr'><strong>unamquamque</strong></span> <span class='ocrx_word' id='word_1_143' title='bbox 895 1731 1045 1806; x_wconf 90' lang='lat' dir='ltr'><strong>sanguinis</strong></span> <span class='ocrx_word' id='word_1_144' title='bbox 1056 1730 1228 1807; x_wconf 86' lang='lat' dir='ltr'><strong>particulam</strong></span> 
     </span>
     <span class='ocr_line' id='line_1_18' title="bbox 159 1811 1226 1886; baseline 0 -17"><span class='ocrx_word' id='word_1_145' title='bbox 159 1818 191 1869; x_wconf 92' lang='lat' dir='ltr'><strong>ut</strong></span> <span class='ocrx_word' id='word_1_146' title='bbox 223 1817 324 1882; x_wconf 92' lang='lat' dir='ltr'><strong>totum,</strong></span> <span class='ocrx_word' id='word_1_147' title='bbox 357 1831 415 1868; x_wconf 93' lang='lat' dir='ltr'><strong>non</strong></span> <span class='ocrx_word' id='word_1_148' title='bbox 447 1829 516 1867; x_wconf 92' lang='lat' dir='ltr'><strong>vero</strong></span> <span class='ocrx_word' id='word_1_149' title='bbox 538 1814 571 1868; x_wconf 92' lang='lat' dir='ltr'><strong>ut</strong></span> <span class='ocrx_word' id='word_1_150' title='bbox 589 1816 703 1886; x_wconf 89' lang='lat' dir='ltr'><strong>partem</strong></span> <span class='ocrx_word' id='word_1_151' title='bbox 724 1811 929 1881; x_wconf 85' lang='lat' dir='ltr'><strong>consideraret,</strong></span> <span class='ocrx_word' id='word_1_152' title='bbox 951 1832 1005 1870; x_wconf 89' lang='lat' dir='ltr'><strong>nee</strong></span> <span class='ocrx_word' id='word_1_153' title='bbox 1025 1812 1098 1870; x_wconf 91' lang='lat' dir='ltr'><strong>soire</strong></span> <span class='ocrx_word' id='word_1_154' title='bbox 1120 1816 1226 1886; x_wconf 89' lang='lat' dir='ltr'><strong>posset,</strong></span> 
     </span>
     <span class='ocr_line' id='line_1_19' title="bbox 157 1891 1226 1967; baseline -0.001 -16"><span class='ocrx_word' id='word_1_155' title='bbox 157 1892 296 1966; x_wconf 87' lang='lat' dir='ltr'><strong>quomodo</strong></span> <span class='ocrx_word' id='word_1_156' title='bbox 318 1895 417 1966; x_wconf 90' lang='lat' dir='ltr'><strong>partes</strong></span> <span class='ocrx_word' id='word_1_157' title='bbox 428 1909 526 1948; x_wconf 89' lang='lat' dir='ltr'><strong>omnes</strong></span> <span class='ocrx_word' id='word_1_158' title='bbox 539 1893 575 1948; x_wconf 90' lang='lat' dir='ltr'><strong>ab</strong></span> <span class='ocrx_word' id='word_1_159' title='bbox 586 1891 743 1950; x_wconf 87' lang='lat' dir='ltr'><strong>universali</strong></span> <span class='ocrx_word' id='word_1_160' title='bbox 754 1897 860 1950; x_wconf 89' lang='lat' dir='ltr'><strong>natura</strong></span> <span class='ocrx_word' id='word_1_161' title='bbox 870 1891 1020 1967; x_wconf 90' lang='lat' dir='ltr'><strong>sauguinis</strong></span> <span class='ocrx_word' id='word_1_162' title='bbox 1030 1892 1226 1961; x_wconf 90' lang='lat' dir='ltr'><strong>moderantur,</strong></span> 
     </span>
     <span class='ocr_line' id='line_1_20' title="bbox 157 1969 1226 2047; baseline -0.001 -17"><span class='ocrx_word' id='word_1_163' title='bbox 157 1978 186 2030; x_wconf 87' lang='lat' dir='ltr'><strong>et</strong></span> <span class='ocrx_word' id='word_1_164' title='bbox 206 1973 338 2041; x_wconf 88' lang='lat' dir='ltr'><strong>invicem,</strong></span> <span class='ocrx_word' id='word_1_165' title='bbox 360 1974 447 2046; x_wconf 93' lang='lat' dir='ltr'><strong>prout</strong></span> <span class='ocrx_word' id='word_1_166' title='bbox 468 1969 639 2029; x_wconf 91' lang='lat' dir='ltr'><strong>universalis</strong></span> <span class='ocrx_word' id='word_1_167' title='bbox 660 1976 766 2030; x_wconf 90' lang='lat' dir='ltr'><strong>natura</strong></span> <span class='ocrx_word' id='word_1_168' title='bbox 787 1972 937 2047; x_wconf 89' lang='lat' dir='ltr'><strong>sanguinis</strong></span> <span class='ocrx_word' id='word_1_169' title='bbox 956 1972 1057 2046; x_wconf 83' lang='lat' dir='ltr'><strong>exigit,</strong></span> <span class='ocrx_word' id='word_1_170' title='bbox 1072 1991 1103 2030; x_wconf 89' lang='lat' dir='ltr'><strong>se</strong></span> <span class='ocrx_word' id='word_1_171' title='bbox 1118 1991 1226 2030; x_wconf 89' lang='lat' dir='ltr'><strong>accom-</strong></span> 
     </span>
     <span class='ocr_line' id='line_1_21' title="bbox 155 2051 1225 2127; baseline -0.001 -17"><span class='ocrx_word' id='word_1_172' title='bbox 155 2054 271 2110; x_wconf 88' lang='lat' dir='ltr'><strong>modare</strong></span> <span class='ocrx_word' id='word_1_173' title='bbox 283 2054 316 2127; x_wconf 85' lang='lat' dir='ltr'><strong>p)</strong></span> <span class='ocrx_word' id='word_1_174' title='bbox 338 2055 490 2126; x_wconf 86' lang='lat' dir='ltr'><strong>coguntur,</strong></span> <span class='ocrx_word' id='word_1_175' title='bbox 513 2055 546 2108; x_wconf 92' lang='grc'><strong>31</strong></span> <span class='ocrx_word' id='word_1_176' title='bbox 567 2056 646 2110; x_wconf 88' lang='grc'><strong>33313</strong></span> <span class='ocrx_word' id='word_1_177' title='bbox 667 2052 780 2110; x_wconf 85' lang='grc'><strong>3311333</strong></span> <span class='ocrx_word' id='word_1_178' title='bbox 800 2051 877 2110; x_wconf 90' lang='grc'><strong>13133</strong></span> <span class='ocrx_word' id='word_1_179' title='bbox 891 2071 922 2110; x_wconf 88' lang='grc'><strong>33</strong></span> <span class='ocrx_word' id='word_1_180' title='bbox 936 2051 1129 2111; x_wconf 87' lang='grc'><strong>33333311331.</strong></span> <span class='ocrx_word' id='word_1_181' title='bbox 1151 2051 1225 2110; x_wconf 89' lang='lat' dir='ltr'><strong>Nam</strong></span> 
     </span>
     <span class='ocr_line' id='line_1_22' title="bbox 155 2131 1225 2208; baseline 0 -18"><span class='ocrx_word' id='word_1_182' title='bbox 155 2133 179 2190; x_wconf 90' lang='lat' dir='ltr'><strong>si</strong></span> <span class='ocrx_word' id='word_1_183' title='bbox 209 2134 361 2207; x_wconf 89' lang='lat' dir='ltr'><strong>fingamus,</strong></span> <span class='ocrx_word' id='word_1_184' title='bbox 384 2132 478 2189; x_wconf 91' lang='lat' dir='ltr'><strong>nullas</strong></span> <span class='ocrx_word' id='word_1_185' title='bbox 499 2131 562 2188; x_wconf 91' lang='lat' dir='ltr'><strong>dari</strong></span> <span class='ocrx_word' id='word_1_186' title='bbox 582 2151 685 2190; x_wconf 89' lang='lat' dir='ltr'><strong>causas</strong></span> <span class='ocrx_word' id='word_1_187' title='bbox 705 2137 790 2190; x_wconf 87' lang='lat' dir='ltr'><strong>extra</strong></span> <span class='ocrx_word' id='word_1_188' title='bbox 810 2131 981 2207; x_wconf 90' lang='lat' dir='ltr'><strong>sanguinem</strong></span> <span class='ocrx_word' id='word_1_189' title='bbox 994 2143 1033 2208; x_wconf 82' lang='lat' dir='ltr'><strong>q),</strong></span> <span class='ocrx_word' id='word_1_190' title='bbox 1055 2151 1118 2207; x_wconf 82' lang='lat' dir='ltr'><strong>quae</strong></span> <span class='ocrx_word' id='word_1_191' title='bbox 1133 2149 1225 2190; x_wconf 90' lang='lat' dir='ltr'><strong>novos</strong></span> 
     </span>
     <span class='ocr_line' id='line_1_23' title="bbox 153 2211 1222 2287; baseline 0 -17"><span class='ocrx_word' id='word_1_192' title='bbox 153 2218 248 2271; x_wconf 88' lang='lat' dir='ltr'><strong>motus</strong></span> <span class='ocrx_word' id='word_1_193' title='bbox 282 2211 421 2287; x_wconf 84' lang='lat' dir='ltr'><strong>sanguini</strong></span> <span class='ocrx_word' id='word_1_194' title='bbox 455 2211 698 2271; x_wconf 88' lang='lat' dir='ltr'><strong>communicarent</strong></span> <span class='ocrx_word' id='word_1_195' title='bbox 725 2215 764 2285; x_wconf 82' lang='lat' dir='ltr'><strong>r),</strong></span> <span class='ocrx_word' id='word_1_196' title='bbox 799 2232 852 2271; x_wconf 92' lang='grc'><strong>333</strong></span> <span class='ocrx_word' id='word_1_197' title='bbox 883 2213 972 2270; x_wconf 89' lang='lat' dir='ltr'><strong>ullum</strong></span> <span class='ocrx_word' id='word_1_198' title='bbox 1004 2211 1067 2271; x_wconf 91' lang='lat' dir='ltr'><strong>dari</strong></span> <span class='ocrx_word' id='word_1_199' title='bbox 1099 2212 1222 2287; x_wconf 86' lang='lat' dir='ltr'><strong>epatium</strong></span> 
     </span>
     <span class='ocr_line' id='line_1_24' title="bbox 156 2292 1225 2369; baseline -0.002 -18"><span class='ocrx_word' id='word_1_200' title='bbox 156 2299 241 2351; x_wconf 87' lang='lat' dir='ltr'><strong>extra</strong></span> <span class='ocrx_word' id='word_1_201' title='bbox 272 2292 444 2367; x_wconf 85' lang='lat' dir='ltr'><strong>sanguinem</strong></span> <span class='ocrx_word' id='word_1_202' title='bbox 458 2311 493 2360; x_wconf 80' lang='grc'><strong>31,</strong></span> <span class='ocrx_word' id='word_1_203' title='bbox 526 2312 579 2350; x_wconf 88' lang='grc'><strong>333</strong></span> <span class='ocrx_word' id='word_1_204' title='bbox 611 2292 668 2351; x_wconf 89' lang='grc'><strong>3113</strong></span> <span class='ocrx_word' id='word_1_205' title='bbox 695 2312 825 2367; x_wconf 87' lang='lat' dir='ltr'><strong>corpora,</strong></span> <span class='ocrx_word' id='word_1_206' title='bbox 847 2292 877 2350; x_wconf 92' lang='lat' dir='ltr'><strong>in</strong></span> <span class='ocrx_word' id='word_1_207' title='bbox 898 2313 963 2369; x_wconf 87' lang='lat' dir='ltr'><strong>quae</strong></span> <span class='ocrx_word' id='word_1_208' title='bbox 985 2292 1137 2368; x_wconf 75' lang='lat' dir='ltr'><strong>particulae</strong></span> <span class='ocrx_word' id='word_1_209' title='bbox 1159 2312 1225 2350; x_wconf 90' lang='grc'><strong>333-</strong></span> 
     </span>
     <span class='ocr_line' id='line_1_25' title="bbox 158 2371 1226 2448; baseline -0.002 -17"><span class='ocrx_word' id='word_1_210' title='bbox 158 2374 252 2448; x_wconf 88' lang='lat' dir='ltr'><strong>guinis</strong></span> <span class='ocrx_word' id='word_1_211' title='bbox 284 2393 366 2430; x_wconf 91' lang='lat' dir='ltr'><strong>suum</strong></span> <span class='ocrx_word' id='word_1_212' title='bbox 388 2377 497 2430; x_wconf 91' lang='lat' dir='ltr'><strong>motum</strong></span> <span class='ocrx_word' id='word_1_213' title='bbox 519 2373 677 2432; x_wconf 82' lang='lat' dir='ltr'><strong>transferre</strong></span> <span class='ocrx_word' id='word_1_214' title='bbox 698 2379 825 2448; x_wconf 84' lang='lat' dir='ltr'><strong>possent,</strong></span> <span class='ocrx_word' id='word_1_215' title='bbox 847 2377 960 2432; x_wconf 88' lang='lat' dir='ltr'><strong>certum</strong></span> <span class='ocrx_word' id='word_1_216' title='bbox 981 2378 1034 2444; x_wconf 87' lang='lat' dir='ltr'><strong>est,</strong></span> <span class='ocrx_word' id='word_1_217' title='bbox 1056 2371 1226 2447; x_wconf 86' lang='lat' dir='ltr'><strong>sanguinem</strong></span> 
     </span>
     <span class='ocr_line' id='line_1_26' title="bbox 155 2451 1227 2530; baseline 0 -20"><span class='ocrx_word' id='word_1_218' title='bbox 155 2454 185 2510; x_wconf 89' lang='lat' dir='ltr'><strong>in</strong></span> <span class='ocrx_word' id='word_1_219' title='bbox 216 2473 267 2511; x_wconf 90' lang='lat' dir='ltr'><strong>suo</strong></span> <span class='ocrx_word' id='word_1_220' title='bbox 289 2458 368 2512; x_wconf 87' lang='lat' dir='ltr'><strong>statu</strong></span> <span class='ocrx_word' id='word_1_221' title='bbox 390 2472 504 2527; x_wconf 89' lang='lat' dir='ltr'><strong>semper</strong></span> <span class='ocrx_word' id='word_1_222' title='bbox 524 2473 701 2524; x_wconf 87' lang='lat' dir='ltr'><strong>mansurum,</strong></span> <span class='ocrx_word' id='word_1_223' title='bbox 723 2457 753 2511; x_wconf 93' lang='lat' dir='ltr'><strong>et</strong></span> <span class='ocrx_word' id='word_1_224' title='bbox 776 2453 839 2530; x_wconf 85' lang='lat' dir='ltr'><strong>ejus</strong></span> <span class='ocrx_word' id='word_1_225' title='bbox 859 2453 1017 2529; x_wconf 91' lang='lat' dir='ltr'><strong>particulas</strong></span> <span class='ocrx_word' id='word_1_226' title='bbox 1037 2453 1132 2511; x_wconf 90' lang='lat' dir='ltr'><strong>nullas</strong></span> <span class='ocrx_word' id='word_1_227' title='bbox 1156 2451 1227 2510; x_wconf 90' lang='lat' dir='ltr'><strong>alias</strong></span> 
     </span>
     <span class='ocr_line' id='line_1_27' title="bbox 156 2532 1226 2610; baseline -0.001 -19"><span class='ocrx_word' id='word_1_228' title='bbox 156 2534 332 2592; x_wconf 88' lang='lat' dir='ltr'><strong>variationes</strong></span> <span class='ocrx_word' id='word_1_229' title='bbox 365 2553 511 2608; x_wconf 87' lang='lat' dir='ltr'><strong>passuras,</strong></span> <span class='ocrx_word' id='word_1_230' title='bbox 544 2553 630 2609; x_wconf 87' lang='lat' dir='ltr'><strong>quam</strong></span> <span class='ocrx_word' id='word_1_231' title='bbox 662 2553 719 2603; x_wconf 84' lang='lat' dir='ltr'><strong>eae,</strong></span> <span class='ocrx_word' id='word_1_232' title='bbox 755 2553 819 2609; x_wconf 88' lang='lat' dir='ltr'><strong>quae</strong></span> <span class='ocrx_word' id='word_1_233' title='bbox 851 2538 973 2610; x_wconf 90' lang='lat' dir='ltr'><strong>possunt</strong></span> <span class='ocrx_word' id='word_1_234' title='bbox 1003 2532 1115 2610; x_wconf 89' lang='lat' dir='ltr'><strong>concipi</strong></span> <span class='ocrx_word' id='word_1_235' title='bbox 1139 2534 1161 2607; x_wconf 88' lang='grc'><strong>1)</strong></span> <span class='ocrx_word' id='word_1_236' title='bbox 1190 2552 1226 2591; x_wconf 87' lang='lat' dir='ltr'><strong>ex</strong></span> 
     </span>
     <span class='ocr_line' id='line_1_28' title="bbox 156 2613 1225 2690; baseline 0.001 -19"><span class='ocrx_word' id='word_1_237' title='bbox 156 2615 224 2672; x_wconf 88' lang='lat' dir='ltr'><strong>data</strong></span> <span class='ocrx_word' id='word_1_238' title='bbox 263 2614 375 2673; x_wconf 89' lang='lat' dir='ltr'><strong>ratione</strong></span> <span class='ocrx_word' id='word_1_239' title='bbox 406 2618 501 2671; x_wconf 82' lang='lat' dir='ltr'><strong>motus</strong></span> <span class='ocrx_word' id='word_1_240' title='bbox 533 2613 685 2688; x_wconf 88' lang='lat' dir='ltr'><strong>sanguinis</strong></span> <span class='ocrx_word' id='word_1_241' title='bbox 717 2615 753 2672; x_wconf 90' lang='lat' dir='ltr'><strong>ad</strong></span> <span class='ocrx_word' id='word_1_242' title='bbox 787 2615 944 2690; x_wconf 86' lang='lat' dir='ltr'><strong>lympham,</strong></span> <span class='ocrx_word' id='word_1_243' title='bbox 966 2615 1082 2690; x_wconf 87' lang='lat' dir='ltr'><strong>chylum</strong></span> <span class='ocrx_word' id='word_1_244' title='bbox 1101 2618 1133 2686; x_wconf 85' lang='grc'><strong>1),</strong></span> <span class='ocrx_word' id='word_1_245' title='bbox 1162 2617 1225 2683; x_wconf 85' lang='grc'><strong>313,</strong></span> 
     </span>
     <span class='ocr_line' id='line_1_29' title="bbox 155 2693 1225 2771; baseline 0 -19"><span class='ocrx_word' id='word_1_246' title='bbox 155 2701 184 2752; x_wconf 90' lang='grc'><strong>31</strong></span> <span class='ocrx_word' id='word_1_247' title='bbox 206 2695 246 2752; x_wconf 88' lang='grc'><strong>313</strong></span> <span class='ocrx_word' id='word_1_248' title='bbox 268 2695 388 2769; x_wconf 87' lang='lat' dir='ltr'><strong>sanguis</strong></span> <span class='ocrx_word' id='word_1_249' title='bbox 410 2713 524 2768; x_wconf 90' lang='lat' dir='ltr'><strong>semper</strong></span> <span class='ocrx_word' id='word_1_250' title='bbox 545 2700 576 2752; x_wconf 94' lang='lat' dir='ltr'><strong>ut</strong></span> <span class='ocrx_word' id='word_1_251' title='bbox 597 2699 699 2765; x_wconf 85' lang='lat' dir='ltr'><strong>toturn,</strong></span> <span class='ocrx_word' id='word_1_252' title='bbox 722 2715 780 2752; x_wconf 90' lang='lat' dir='ltr'><strong>uon</strong></span> <span class='ocrx_word' id='word_1_253' title='bbox 800 2715 870 2754; x_wconf 88' lang='lat' dir='ltr'><strong>vero</strong></span> <span class='ocrx_word' id='word_1_254' title='bbox 892 2694 936 2753; x_wconf 87' lang='lat' dir='ltr'><strong>uit</strong></span> <span class='ocrx_word' id='word_1_255' title='bbox 956 2715 1033 2771; x_wconf 89' lang='lat' dir='ltr'><strong>pars,</strong></span> <span class='ocrx_word' id='word_1_256' title='bbox 1050 2693 1225 2753; x_wconf 88' lang='lat' dir='ltr'><strong>considerari</strong></span> 
     </span>
     <span class='ocr_line' id='line_1_30' title="bbox 156 2774 1227 2852; baseline 0 -20"><span class='ocrx_word' id='word_1_257' title='bbox 156 2776 281 2833; x_wconf 89' lang='lat' dir='ltr'><strong>deberet.</strong></span> <span class='ocrx_word' id='word_1_258' title='bbox 315 2777 434 2845; x_wconf 87' lang='lat' dir='ltr'><strong>Verum,</strong></span> <span class='ocrx_word' id='word_1_259' title='bbox 456 2774 524 2849; x_wconf 90' lang='lat' dir='ltr'><strong>quia</strong></span> <span class='ocrx_word' id='word_1_260' title='bbox 543 2787 571 2844; x_wconf 86' lang='grc'><strong>3)</strong></span> <span class='ocrx_word' id='word_1_261' title='bbox 592 2774 724 2852; x_wconf 86' lang='lat' dir='ltr'><strong>plurimae</strong></span> <span class='ocrx_word' id='word_1_262' title='bbox 747 2775 811 2834; x_wconf 87' lang='lat' dir='ltr'><strong>aliae</strong></span> <span class='ocrx_word' id='word_1_263' title='bbox 826 2795 921 2834; x_wconf 87' lang='lat' dir='ltr'><strong>causae</strong></span> <span class='ocrx_word' id='word_1_264' title='bbox 937 2775 1052 2845; x_wconf 90' lang='lat' dir='ltr'><strong>dantur,</strong></span> <span class='ocrx_word' id='word_1_265' title='bbox 1068 2794 1133 2850; x_wconf 84' lang='lat' dir='ltr'><strong>quae</strong></span> <span class='ocrx_word' id='word_1_266' title='bbox 1147 2774 1227 2849; x_wconf 90' lang='lat' dir='ltr'><strong>leges</strong></span> 
     </span>
     <span class='ocr_line' id='line_1_31' title="bbox 125 2854 1226 2929; baseline 0 -17"><span class='ocrx_word' id='word_1_267' title='bbox 125 2880 136 2901; x_wconf 92' lang='lat'><strong>·</strong></span> <span class='ocrx_word' id='word_1_268' title='bbox 154 2861 266 2913; x_wconf 88' lang='lat' dir='ltr'><strong>naturae</strong></span> <span class='ocrx_word' id='word_1_269' title='bbox 288 2855 440 2929; x_wconf 88' lang='lat' dir='ltr'><strong>sanguinis</strong></span> <span class='ocrx_word' id='word_1_270' title='bbox 462 2859 541 2912; x_wconf 88' lang='grc'><strong>33313</strong></span> <span class='ocrx_word' id='word_1_271' title='bbox 562 2856 646 2913; x_wconf 88' lang='lat' dir='ltr'><strong>modo</strong></span> <span class='ocrx_word' id='word_1_272' title='bbox 669 2856 857 2914; x_wconf 88' lang='lat' dir='ltr'><strong>moderantur</strong></span> <span class='ocrx_word' id='word_1_273' title='bbox 877 2861 918 2927; x_wconf 82' lang='grc'><strong>3),</strong></span> <span class='ocrx_word' id='word_1_274' title='bbox 940 2860 970 2914; x_wconf 85' lang='grc'><strong>31</strong></span> <span class='ocrx_word' id='word_1_275' title='bbox 991 2855 1117 2914; x_wconf 89' lang='lat' dir='ltr'><strong>vicissim</strong></span> <span class='ocrx_word' id='word_1_276' title='bbox 1138 2854 1226 2913; x_wconf 90' lang='lat' dir='ltr'><strong>illaea</strong></span> 
     </span>
     <span class='ocr_line' id='line_1_32' title="bbox 154 2934 1225 3011; baseline 0 -19"><span class='ocrx_word' id='word_1_277' title='bbox 154 2935 303 3009; x_wconf 85' lang='lat' dir='ltr'><strong>sanguine,</strong></span> <span class='ocrx_word' id='word_1_278' title='bbox 326 2935 394 2993; x_wconf 88' lang='lat' dir='ltr'><strong>hinc</strong></span> <span class='ocrx_word' id='word_1_279' title='bbox 414 2935 456 3004; x_wconf 90' lang='lat' dir='ltr'><strong>fit,</strong></span> <span class='ocrx_word' id='word_1_280' title='bbox 479 2940 512 2993; x_wconf 92' lang='grc'><strong>31</strong></span> <span class='ocrx_word' id='word_1_281' title='bbox 526 2935 577 2993; x_wconf 88' lang='grc'><strong>3111</strong></span> <span class='ocrx_word' id='word_1_282' title='bbox 590 2940 686 2994; x_wconf 89' lang='lat' dir='ltr'><strong>motus</strong></span> <span class='ocrx_word' id='word_1_283' title='bbox 700 2935 823 3011; x_wconf 90' lang='lat' dir='ltr'><strong>aliaeque</strong></span> <span class='ocrx_word' id='word_1_284' title='bbox 838 2934 1015 2994; x_wconf 87' lang='lat' dir='ltr'><strong>variationes</strong></span> <span class='ocrx_word' id='word_1_285' title='bbox 1029 2934 1059 2993; x_wconf 94' lang='lat' dir='ltr'><strong>in</strong></span> <span class='ocrx_word' id='word_1_286' title='bbox 1074 2934 1225 3009; x_wconf 89' lang='lat' dir='ltr'><strong>sanguine,</strong></span> 
     </span>
     <span class='ocr_line' id='line_1_33' title="bbox 155 3015 1226 3090; baseline 0 -18"><span class='ocrx_word' id='word_1_287' title='bbox 155 3015 285 3072; x_wconf 88' lang='lat' dir='ltr'><strong>oriantur</strong></span> <span class='ocrx_word' id='word_1_288' title='bbox 304 3020 342 3089; x_wconf 80' lang='lat' dir='ltr'><strong>y),</strong></span> <span class='ocrx_word' id='word_1_289' title='bbox 377 3035 441 3090; x_wconf 88' lang='lat' dir='ltr'><strong>quae</strong></span> <span class='ocrx_word' id='word_1_290' title='bbox 474 3020 690 3090; x_wconf 88' lang='lat' dir='ltr'><strong>consequuntur</strong></span> <span class='ocrx_word' id='word_1_291' title='bbox 712 3035 779 3073; x_wconf 86' lang='lat' dir='ltr'><strong>¹non</strong></span> <span class='ocrx_word' id='word_1_292' title='bbox 810 3035 828 3073; x_wconf 97' lang='grc'><strong>3</strong></span> <span class='ocrx_word' id='word_1_293' title='bbox 859 3016 921 3074; x_wconf 89' lang='grc'><strong>3313</strong></span> <span class='ocrx_word' id='word_1_294' title='bbox 950 3015 1063 3073; x_wconf 88' lang='grc'><strong>3311333</strong></span> <span class='ocrx_word' id='word_1_295' title='bbox 1083 3018 1178 3072; x_wconf 79' lang='lat' dir='ltr'><strong>motus</strong></span> <span class='ocrx_word' id='word_1_296' title='bbox 1197 3017 1226 3087; x_wconf 83' lang='lat' dir='ltr'><strong>z)</strong></span> 
     </span>
     <span class='ocr_line' id='line_1_34' title="bbox 160 3092 1229 3171; baseline 0 -19"><span class='ocrx_word' id='word_1_297' title='bbox 160 3096 224 3169; x_wconf 87' lang='lat' dir='ltr'><strong>ejus</strong></span> <span class='ocrx_word' id='word_1_298' title='bbox 245 3095 370 3170; x_wconf 86' lang='lat' dir='ltr'><strong>partium</strong></span> <span class='ocrx_word' id='word_1_299' title='bbox 392 3095 429 3153; x_wconf 89' lang='lat' dir='ltr'><strong>ad</strong></span> <span class='ocrx_word' id='word_1_300' title='bbox 449 3094 580 3167; x_wconf 90' lang='lat' dir='ltr'><strong>invicem,</strong></span> <span class='ocrx_word' id='word_1_301' title='bbox 603 3096 652 3153; x_wconf 92' lang='lat' dir='ltr'><strong>sed</strong></span> <span class='ocrx_word' id='word_1_302' title='bbox 674 3114 692 3153; x_wconf 91' lang='grc'><strong>3</strong></span> <span class='ocrx_word' id='word_1_303' title='bbox 712 3095 824 3154; x_wconf 89' lang='grc'><strong>3311333</strong></span> <span class='ocrx_word' id='word_1_304' title='bbox 843 3099 939 3154; x_wconf 79' lang='lat' dir='ltr'><strong>motus</strong></span> <span class='ocrx_word' id='word_1_305' title='bbox 959 3096 1009 3170; x_wconf 89' lang='grc'><strong>33)</strong></span> <span class='ocrx_word' id='word_1_306' title='bbox 1029 3092 1180 3171; x_wconf 89' lang='lat' dir='ltr'><strong>sanguinis</strong></span> <span class='ocrx_word' id='word_1_307' title='bbox 1199 3098 1229 3153; x_wconf 92' lang='lat' dir='ltr'><strong>et</strong></span> 
     </span>
     <span class='ocr_line' id='line_1_35' title="bbox 163 3173 1230 3251; baseline -0.001 -18"><span class='ocrx_word' id='word_1_308' title='bbox 163 3194 315 3233; x_wconf 88' lang='lat' dir='ltr'><strong>causarum</strong></span> <span class='ocrx_word' id='word_1_309' title='bbox 337 3180 522 3233; x_wconf 86' lang='lat' dir='ltr'><strong>externarum</strong></span> <span class='ocrx_word' id='word_1_310' title='bbox 543 3174 627 3234; x_wconf 84' lang='lat' dir='ltr'><strong>simul</strong></span> <span class='ocrx_word' id='word_1_311' title='bbox 649 3176 684 3234; x_wconf 88' lang='lat' dir='ltr'><strong>ad</strong></span> <span class='ocrx_word' id='word_1_312' title='bbox 705 3174 844 3234; x_wconf 89' lang='lat' dir='ltr'><strong>invicem:</strong></span> <span class='ocrx_word' id='word_1_313' title='bbox 866 3176 921 3234; x_wconf 89' lang='lat' dir='ltr'><strong>hoe</strong></span> <span class='ocrx_word' id='word_1_314' title='bbox 940 3175 1025 3234; x_wconf 86' lang='lat' dir='ltr'><strong>modo</strong></span> <span class='ocrx_word' id='word_1_315' title='bbox 1044 3175 1088 3246; x_wconf 93' lang='grc'><strong>11)</strong></span> <span class='ocrx_word' id='word_1_316' title='bbox 1109 3173 1230 3251; x_wconf 88' lang='lat' dir='ltr'><strong>sanguis</strong></span> 
     </span>
    </p>
   </div>
   <div class='ocr_carea' id='block_1_3' title="bbox 151 3336 1227 3895">
    <p class='ocr_par' dir='ltr' id='par_1_4' title="bbox 151 3336 1227 3895">
     <span class='ocr_line' id='line_1_36' title="bbox 186 3336 1227 3399; baseline -0.002 -17"><span class='ocrx_word' id='word_1_317' title='bbox 186 3340 211 3393; x_wconf 87' lang='grc' dir='ltr'><strong>α)</strong></span> <span class='ocrx_word' id='word_1_318' title='bbox 230 3338 287 3383; x_wconf 88' lang='lat' dir='ltr'><strong>add.</strong></span> <span class='ocrx_word' id='word_1_319' title='bbox 299 3352 367 3396; x_wconf 81' lang='lat' dir='ltr'><strong>para</strong></span> <span class='ocrx_word' id='word_1_320' title='bbox 384 3337 437 3382; x_wconf 78' lang='grc'><strong>3133</strong></span> <span class='ocrx_word' id='word_1_321' title='bbox 453 3337 565 3396; x_wconf 75' lang='lat' dir='ltr'><strong>reliquie.</strong></span> <span class='ocrx_word' id='word_1_322' title='bbox 635 3337 658 3394; x_wconf 92' lang='grc'><strong>1)</strong></span> <span class='ocrx_word' id='word_1_323' title='bbox 675 3337 758 3383; x_wconf 80' lang='lat' dir='ltr'><strong>omitt.</strong></span> <span class='ocrx_word' id='word_1_324' title='bbox 775 3337 805 3382; x_wconf 90' lang='grc'><strong>31</strong></span> <span class='ocrx_word' id='word_1_325' title='bbox 821 3337 889 3382; x_wconf 79' lang='lat' dir='ltr'><strong>aliia.</strong></span> <span class='ocrx_word' id='word_1_326' title='bbox 960 3336 982 3393; x_wconf 84' lang='lat' dir='ltr'><strong>o)</strong></span> <span class='ocrx_word' id='word_1_327' title='bbox 1000 3337 1057 3382; x_wconf 89' lang='lat' dir='ltr'><strong>add.</strong></span> <span class='ocrx_word' id='word_1_328' title='bbox 1075 3349 1227 3399; x_wconf 72' lang='lat' dir='ltr'><strong>unaquaque</strong></span> 
     </span>
     <span class='ocr_line' id='line_1_37' title="bbox 151 3398 1223 3458; baseline -0.001 -14"><span class='ocrx_word' id='word_1_329' title='bbox 151 3405 259 3446; x_wconf 74' lang='lat' dir='ltr'><strong>ecrtenue.</strong></span> <span class='ocrx_word' id='word_1_330' title='bbox 350 3399 543 3450; x_wconf 78' lang='grc'><strong>111313111333</strong></span> <span class='ocrx_word' id='word_1_331' title='bbox 559 3405 587 3444; x_wconf 83' lang='grc'><strong>31</strong></span> <span class='ocrx_word' id='word_1_332' title='bbox 599 3413 672 3458; x_wconf 81' lang='lat' dir='ltr'><strong>para.</strong></span> <span class='ocrx_word' id='word_1_333' title='bbox 761 3399 783 3458; x_wconf 82' lang='lat' dir='ltr'><strong>e)</strong></span> <span class='ocrx_word' id='word_1_334' title='bbox 801 3412 982 3444; x_wconf 81' lang='grc'><strong>3333333133.</strong></span> <span class='ocrx_word' id='word_1_335' title='bbox 1076 3399 1103 3456; x_wconf 73' lang='lat' dir='ltr'><strong>f)</strong></span> <span class='ocrx_word' id='word_1_336' title='bbox 1119 3398 1223 3455; x_wconf 74' lang='lat' dir='ltr'><strong>fluidum</strong></span> 
     </span>
     <span class='ocr_line' id='line_1_38' title="bbox 154 3461 1223 3520; baseline 0 -14"><span class='ocrx_word' id='word_1_337' title='bbox 154 3469 237 3520; x_wconf 79' lang='grc'><strong>33331,</strong></span> <span class='ocrx_word' id='word_1_338' title='bbox 253 3468 274 3507; x_wconf 84' lang='lat' dir='ltr'><strong>et</strong></span> <span class='ocrx_word' id='word_1_339' title='bbox 291 3467 398 3508; x_wconf 81' lang='lat' dir='ltr'><strong>eatenus.</strong></span> <span class='ocrx_word' id='word_1_340' title='bbox 445 3467 575 3520; x_wconf 72' lang='grc'><strong>31333133</strong></span> <span class='ocrx_word' id='word_1_341' title='bbox 591 3462 666 3519; x_wconf 75' lang='lat' dir='ltr'><strong>huJ&#39;us</strong></span> <span class='ocrx_word' id='word_1_342' title='bbox 681 3462 762 3519; x_wconf 76' lang='grc'><strong>1131311,</strong></span> <span class='ocrx_word' id='word_1_343' title='bbox 805 3462 830 3520; x_wconf 78' lang='lat' dir='ltr'><strong>h)</strong></span> <span class='ocrx_word' id='word_1_344' title='bbox 847 3475 890 3507; x_wconf 83' lang='lat' dir='ltr'><strong>eas</strong></span> <span class='ocrx_word' id='word_1_345' title='bbox 906 3467 1013 3507; x_wconf 81' lang='lat' dir='ltr'><strong>eatenus.</strong></span> <span class='ocrx_word' id='word_1_346' title='bbox 1059 3461 1078 3519; x_wconf 78' lang='grc'><strong>1)</strong></span> <span class='ocrx_word' id='word_1_347' title='bbox 1095 3474 1143 3508; x_wconf 79' lang='lat' dir='ltr'><strong>non</strong></span> <span class='ocrx_word' id='word_1_348' title='bbox 1161 3475 1223 3506; x_wconf 85' lang='lat' dir='ltr'><strong>vero.</strong></span> 
     </span>
     <span class='ocr_line' id='line_1_39' title="bbox 186 3522 1225 3583; baseline -0.002 -13"><span class='ocrx_word' id='word_1_349' title='bbox 186 3526 210 3580; x_wconf 79' lang='lat' dir='ltr'><strong>k)</strong></span> <span class='ocrx_word' id='word_1_350' title='bbox 232 3525 411 3583; x_wconf 72' lang='grc'><strong>0333333333.</strong></span> <span class='ocrx_word' id='word_1_351' title='bbox 492 3525 510 3580; x_wconf 86' lang='lat' dir='ltr'><strong>l)</strong></span> <span class='ocrx_word' id='word_1_352' title='bbox 529 3526 554 3569; x_wconf 79' lang='grc'><strong>13</strong></span> <span class='ocrx_word' id='word_1_353' title='bbox 571 3524 713 3582; x_wconf 74' lang='grc'><strong>1331131313,</strong></span> <span class='ocrx_word' id='word_1_354' title='bbox 730 3538 815 3583; x_wconf 82' lang='lat' dir='ltr'><strong>nempe</strong></span> <span class='ocrx_word' id='word_1_355' title='bbox 831 3525 858 3570; x_wconf 79' lang='lat' dir='ltr'><strong>tn</strong></span> <span class='ocrx_word' id='word_1_356' title='bbox 875 3537 946 3582; x_wconf 78' lang='lat' dir='ltr'><strong>aanp.</strong></span> <span class='ocrx_word' id='word_1_357' title='bbox 1033 3523 1067 3582; x_wconf 82' lang='lat' dir='ltr'><strong>m)</strong></span> <span class='ocrx_word' id='word_1_358' title='bbox 1079 3522 1225 3582; x_wconf 78' lang='lat' dir='ltr'><strong>particulae</strong></span> 
     </span>
     <span class='ocr_line' id='line_1_40' title="bbox 156 3585 1223 3646; baseline 0.001 -16"><span class='ocrx_word' id='word_1_359' title='bbox 156 3585 269 3645; x_wconf 64' lang='lat' dir='ltr'><strong>lympha,</strong></span> <span class='ocrx_word' id='word_1_360' title='bbox 285 3589 357 3645; x_wconf 73' lang='grc'><strong>31311,</strong></span> <span class='ocrx_word' id='word_1_361' title='bbox 437 3586 464 3642; x_wconf 88' lang='grc'><strong>3)</strong></span> <span class='ocrx_word' id='word_1_362' title='bbox 482 3586 539 3634; x_wconf 87' lang='lat' dir='ltr'><strong>add.</strong></span> <span class='ocrx_word' id='word_1_363' title='bbox 556 3587 637 3632; x_wconf 81' lang='grc' dir='ltr'><strong>3113νί.</strong></span> <span class='ocrx_word' id='word_1_364' title='bbox 716 3589 738 3643; x_wconf 90' lang='grc'><strong>3)</strong></span> <span class='ocrx_word' id='word_1_365' title='bbox 755 3588 821 3632; x_wconf 79' lang='grc'><strong>3313.</strong></span> <span class='ocrx_word' id='word_1_366' title='bbox 834 3591 917 3646; x_wconf 72' lang='lat' dir='ltr'><strong>parte.</strong></span> <span class='ocrx_word' id='word_1_367' title='bbox 991 3590 1022 3645; x_wconf 81' lang='lat' dir='ltr'><strong>p)</strong></span> <span class='ocrx_word' id='word_1_368' title='bbox 1039 3585 1223 3632; x_wconf 80' lang='lat' dir='ltr'><strong>accommodari.</strong></span> 
     </span>
     <span class='ocr_line' id='line_1_41' title="bbox 187 3648 1222 3707; baseline -0.001 -13"><span class='ocrx_word' id='word_1_369' title='bbox 187 3654 209 3707; x_wconf 81' lang='lat' dir='ltr'><strong>q)</strong></span> <span class='ocrx_word' id='word_1_370' title='bbox 226 3656 297 3694; x_wconf 77' lang='lat' dir='ltr'><strong>extra</strong></span> <span class='ocrx_word' id='word_1_371' title='bbox 314 3664 334 3694; x_wconf 89' lang='grc'><strong>3,</strong></span> <span class='ocrx_word' id='word_1_372' title='bbox 350 3649 410 3695; x_wconf 81' lang='lat' dir='ltr'><strong>dari</strong></span> <span class='ocrx_word' id='word_1_373' title='bbox 426 3662 522 3694; x_wconf 78' lang='lat' dir='ltr'><strong>caueae.</strong></span> <span class='ocrx_word' id='word_1_374' title='bbox 610 3648 635 3704; x_wconf 84' lang='lat' dir='ltr'><strong>r)</strong></span> <span class='ocrx_word' id='word_1_375' title='bbox 652 3651 833 3696; x_wconf 80' lang='lat' dir='ltr'><strong>oornnrum&#39;oent.</strong></span> <span class='ocrx_word' id='word_1_376' title='bbox 918 3648 940 3705; x_wconf 86' lang='grc'><strong>3)</strong></span> <span class='ocrx_word' id='word_1_377' title='bbox 957 3663 976 3694; x_wconf 86' lang='lat' dir='ltr'><strong>e.</strong></span> <span class='ocrx_word' id='word_1_378' title='bbox 993 3662 1014 3694; x_wconf 86' lang='grc'><strong>3.</strong></span> <span class='ocrx_word' id='word_1_379' title='bbox 1031 3648 1091 3694; x_wconf 74' lang='lat' dir='ltr'><strong>dart</strong></span> <span class='ocrx_word' id='word_1_380' title='bbox 1105 3649 1222 3707; x_wconf 73' lang='grc'><strong>3331133.</strong></span> 
     </span>
     <span class='ocr_line' id='line_1_42' title="bbox 185 3712 1226 3770; baseline 0.001 -14"><span class='ocrx_word' id='word_1_381' title='bbox 185 3716 223 3766; x_wconf 91' lang='grc'><strong>1-1)</strong></span> <span class='ocrx_word' id='word_1_382' title='bbox 240 3714 353 3770; x_wconf 74' lang='lat' dir='ltr'><strong>consequi</strong></span> <span class='ocrx_word' id='word_1_383' title='bbox 368 3725 398 3756; x_wconf 78' lang='lat' dir='ltr'><strong>ex</strong></span> <span class='ocrx_word' id='word_1_384' title='bbox 414 3712 468 3756; x_wconf 85' lang='lat' dir='ltr'><strong>sola</strong></span> <span class='ocrx_word' id='word_1_385' title='bbox 484 3717 579 3757; x_wconf 82' lang='lat' dir='ltr'><strong>natura</strong></span> <span class='ocrx_word' id='word_1_386' title='bbox 596 3712 736 3769; x_wconf 72' lang='grc'><strong>3313331313,</strong></span> <span class='ocrx_word' id='word_1_387' title='bbox 755 3712 799 3756; x_wconf 83' lang='lat' dir='ltr'><strong>hoo</strong></span> <span class='ocrx_word' id='word_1_388' title='bbox 818 3717 854 3757; x_wconf 83' lang='lat' dir='ltr'><strong>eet</strong></span> <span class='ocrx_word' id='word_1_389' title='bbox 870 3725 900 3757; x_wconf 78' lang='grc'><strong>33</strong></span> <span class='ocrx_word' id='word_1_390' title='bbox 911 3713 1010 3757; x_wconf 76' lang='grc'><strong>3311333</strong></span> <span class='ocrx_word' id='word_1_391' title='bbox 1021 3717 1101 3757; x_wconf 69' lang='lat' dir='ltr'><strong>anetus</strong></span> <span class='ocrx_word' id='word_1_392' title='bbox 1112 3712 1226 3770; x_wconf 69' lang='lat' dir='ltr'><strong>lymphae,</strong></span> 
     </span>
     <span class='ocr_line' id='line_1_43' title="bbox 153 3773 1224 3833; baseline 0.003 -16"><span class='ocrx_word' id='word_1_393' title='bbox 153 3774 224 3831; x_wconf 74' lang='grc'><strong>311311.</strong></span> <span class='ocrx_word' id='word_1_394' title='bbox 288 3775 310 3824; x_wconf 88' lang='grc'><strong>3)</strong></span> <span class='ocrx_word' id='word_1_395' title='bbox 328 3775 451 3833; x_wconf 71' lang='lat' dir='ltr'><strong>quonlam.</strong></span> <span class='ocrx_word' id='word_1_396' title='bbox 515 3778 542 3830; x_wconf 81' lang='grc'><strong>3)</strong></span> <span class='ocrx_word' id='word_1_397' title='bbox 559 3788 575 3819; x_wconf 88' lang='grc'><strong>3</strong></span> <span class='ocrx_word' id='word_1_398' title='bbox 592 3774 899 3833; x_wconf 76' lang='lat' dir='ltr'><strong>quibus....moderatur.</strong></span> <span class='ocrx_word' id='word_1_399' title='bbox 953 3773 980 3832; x_wconf 80' lang='lat' dir='ltr'><strong>y)</strong></span> <span class='ocrx_word' id='word_1_400' title='bbox 997 3775 1079 3820; x_wconf 88' lang='lat' dir='ltr'><strong>omitt.</strong></span> <span class='ocrx_word' id='word_1_401' title='bbox 1097 3776 1224 3820; x_wconf 72' lang='grc'><strong>33133133.</strong></span> 
     </span>
     <span class='ocr_line' id='line_1_44' title="bbox 184 3836 1153 3895; baseline 0 -15"><span class='ocrx_word' id='word_1_402' title='bbox 184 3837 208 3886; x_wconf 71' lang='grc' dir='ltr'><strong>ι)</strong></span> <span class='ocrx_word' id='word_1_403' title='bbox 226 3837 307 3882; x_wconf 86' lang='lat' dir='ltr'><strong>omitt.</strong></span> <span class='ocrx_word' id='word_1_404' title='bbox 325 3837 412 3883; x_wconf 77' lang='grc'><strong>1331113.</strong></span> <span class='ocrx_word' id='word_1_405' title='bbox 506 3836 549 3895; x_wconf 85' lang='lat' dir='ltr'><strong>aa)</strong></span> <span class='ocrx_word' id='word_1_406' title='bbox 567 3837 644 3882; x_wconf 80' lang='grc'><strong>131133</strong></span> <span class='ocrx_word' id='word_1_407' title='bbox 659 3836 798 3894; x_wconf 64' lang='lat' dir='ltr'><strong>sanguinis.</strong></span> <span class='ocrx_word' id='word_1_408' title='bbox 894 3836 931 3895; x_wconf 92' lang='grc'><strong>11)</strong></span> <span class='ocrx_word' id='word_1_409' title='bbox 948 3837 1033 3882; x_wconf 80' lang='grc'><strong>31133</strong></span> <span class='ocrx_word' id='word_1_410' title='bbox 1049 3836 1153 3882; x_wconf 77' lang='lat' dir='ltr'><strong>ratione.</strong></span> 
     </span>
    </p>
   </div>
   <div class='ocr_carea' id='block_1_4' title="bbox 0 0 1336 4298">
    <p class='ocr_par' dir='ltr' id='par_1_5' title="bbox 0 0 1336 4298">
     <span class='ocr_line' id='line_1_45' title="bbox 0 0 1336 4298; baseline 0 0"><span class='ocrx_word' id='word_1_411' title='bbox 0 0 1336 4298; x_wconf 95' lang='lat' dir='ltr'><strong> </strong></span> 
     </span>
    </p>
   </div>
  </div>
 </body>
</html>
