2662 4298
544 336 688 375 arissam
709 338 783 378 xxu.
1141 320 1199 383 283

120 504 226 568 ⁴animo
247 504 317 562 mihi
338 504 493 575 obtuleras,
515 505 570 562 hac
590 503 690 563 addita
711 503 913 576 obtestatione,
928 523 1021 563 meam
1035 524 1094 562 non
1108 506 1199 568 solum

127 585 178 644 illo
206 590 336 660 tempore
362 584 509 660 scriptam,
538 585 588 643 sed
616 589 646 642 et
666 586 875 660 subsequentes
895 584 979 643 valde
1001 588 1101 659 gratas
1121 586 1201 658 fore;

128 666 199 742 quin
220 665 310 724 amice
331 664 495 740 flagitabas
516 669 549 723 ut
569 664 667 736 libere,
689 664 714 723 si
735 684 807 740 quas
823 664 942 740 insuper
955 683 1072 724 movere
1085 684 1199 740 possem

129 746 324 815 difficultates,
347 744 511 821 objicerem,
533 744 577 803 uti
596 745 628 802 in
647 764 723 816 mee,
747 745 793 804 16.
816 744 950 803 Januarii
970 745 1048 816 data,
1060 745 1201 823 prolixius

127 826 215 902 paulo
235 824 369 901 praestiti.
391 825 439 883 Ad
460 844 523 883 eam
544 825 666 883 amicam
680 829 710 883 et
724 825 912 896 erudientem,
924 825 1010 902 juxta
1023 826 1201 901 postulatum

128 911 159 964 et
177 905 360 981 promissum
391 910 483 976 tuum,
515 907 720 980 exspectabam
751 905 968 981 responsionem
977 916 989 976 ς’
1012 906 1062 963 sed
1083 911 1202 964 econtra

127 986 225 1058 talem,
248 1005 311 1061 quae
332 984 450 1044 nimiam
471 1004 530 1043 non
550 985 662 1043 redolet
683 984 848 1057 amicitiam,
871 985 985 1060 accepi3
1007 1005 1109 1061 nempe
1125 988 1201 1062 qnod

127 1067 216 1126 nnita
237 1068 498 1136 demonstrationes
522 1067 584 1124 ticet
604 1066 802 1137 ualidissima,
825 1068 906 1140 apnd
927 1086 971 1124 me
993 1067 1106 1142 eamn&
1124 1068 1200 1142 qnod

127 1154 247 1205 mentem
272 1147 394 1204 Cartesii
415 1165 471 1204 non
490 1148 638 1222 pereipio;
658 1148 734 1222 qnod
755 1165 800 1204 res
819 1148 985 1221 spirituales
1004 1148 1127 1204 nimium
1139 1167 1203 1205 cnm

128 1229 249 1285 terrenis
279 1227 433 1300 confundo,
467 1234 525 1296 etc,
554 1228 596 1284 ita
618 1233 650 1284 nt
669 1228 789 1284 incicem
811 1227 935 1302 epistolis
956 1228 1066 1284 dintins
1087 1229 1203 1285 erudire

127 1325 187 1366 non
217 1325 370 1381 possemne.
405 1306 451 1364 Ad
473 1325 536 1381 quas
558 1305 648 1364 amice
669 1306 838 1381 respondeo,
860 1325 906 1364 me
928 1305 1050 1364 firmiter
1071 1307 1200 1379 eredere,

127 1391 160 1445 te
191 1406 280 1461 supra
313 1385 391 1444 dicta
420 1385 523 1444 melius
542 1406 589 1444 me
609 1385 782 1460 intelligere,
804 1391 834 1444 et
854 1390 1002 1444 assuetum
1022 1386 1117 1463 magis
1138 1406 1201 1445 esse

128 1486 178 1524 res
206 1485 361 1541 corporeas
381 1486 398 1524 a
419 1465 618 1542 spiritualibus
640 1465 820 1525 discernere:
842 1465 871 1524 in
893 1465 1095 1541 Metaphysica
1115 1466 1201 1538 enim,

129 1566 216 1623 quam
248 1565 302 1621 ego
333 1546 447 1617 inchoo,
478 1566 618 1604 summum
648 1545 824 1605 adscendisti
851 1547 982 1622 gradum,
1011 1550 1041 1605 et
1065 1545 1139 1619 ideo,
1169 1551 1201 1605 ut

128 1627 269 1697 erudirer,
291 1627 421 1684 favorem
442 1632 524 1684 tuum
546 1629 715 1702 captabam;
737 1646 885 1702 nunquam
906 1646 975 1685 vero
989 1625 1199 1702 existimabam,

128 1726 176 1765 me
209 1706 420 1782 objectionibus
450 1706 543 1765 libere
573 1706 659 1765 factis
679 1706 845 1766 offensionis
866 1726 982 1765 causam
1003 1705 1201 1782 praebiturum.

129 1787 263 1846 Summas
293 1786 346 1845 tibi
378 1806 416 1846 ex
447 1786 543 1845 animo
571 1806 628 1862 ago
651 1787 770 1862 gratias,
792 1788 867 1863 quod
888 1791 1002 1846 tantum
1023 1787 1151 1847 laborem
1171 1787 1202 1845 in

129 1868 243 1926 duabus
264 1866 394 1942 epistolis
416 1867 583 1938 exarandis,
605 1867 751 1943 praecipue
771 1866 802 1925 in
823 1868 959 1939 secunda,
980 1867 1148 1943 suscepisti3
1165 1887 1213 1946 ex·

129 1946 305 2023 posteriore,
339 1967 425 2023 quarn
457 1966 493 2005 ex
526 1946 631 2022 priore,
652 1951 732 2006 tuam
752 1952 878 2006 mentem
900 1947 1006 2006 clarius
1025 1947 1151 2023 percepi,
1172 1952 1202 2007 et

133 2026 321 2085 nihilominus
341 2027 368 2085 ei
388 2046 538 2085 assensum
558 2029 690 2102 praebere
710 2047 831 2103 neque0,
853 2027 908 2085 nisi
922 2027 1116 2098 difficultates,
1131 2047 1203 2102 quas

134 2108 230 2166 adhuc
251 2106 282 2164 in
303 2126 337 2166 aa
357 2107 483 2179 invenie,
504 2107 660 2177 tollantur3
681 2127 735 2166 nec
755 2109 810 2166 hoc
822 2106 988 2166 offensionis
1001 2127 1119 2169 causam
1133 2108 1202 2166 dere

132 2191 238 2264 potest.
261 2187 334 2245 Nam
347 2187 418 2245 illud
433 2187 537 2246 vitium
547 2187 578 2245 in
588 2187 737 2247 intellectu
747 2193 847 2246 nostro
858 2187 964 2262 arguit,
977 2186 1002 2245 si
1012 2186 1129 2246 veritati
1141 2187 1203 2246 sine

131 2268 321 2326 fundamento
335 2267 497 2326 necessario
511 2267 699 2326 assentimur:
711 2267 793 2326 Licet
803 2267 847 2326 tui
857 2267 921 2326 veri
930 2272 1027 2326 essent
1037 2273 1201 2343 conceptus,

130 2347 167 2406 iis
188 2367 336 2406 assensum
357 2350 489 2423 praebere
510 2368 568 2407 non
589 2347 665 2420 licet,
688 2348 824 2424 quamdiu
835 2346 866 2405 in
876 2367 922 2406 me
934 2348 1065 2423 quaedam
1076 2348 1201 2407 obscuri·

130 2427 201 2485 tetis
234 2428 279 2486 vel
311 2427 499 2487 dubitationis
519 2427 647 2487 rationes
667 2432 833 2504 supersunt,
855 2427 988 2504 quamvis
1009 2427 1203 2487 dubitationes

131 2528 190 2567 non
204 2527 240 2566 ex
256 2527 287 2566 re
299 2507 456 2584 proposita,
468 2508 519 2566 sed
531 2528 568 2567 ex
578 2508 635 2567 mei
645 2507 810 2567 intellectus
819 2508 1035 2584 imperfectione
1046 2507 1200 2568 orirentur.

131 2589 169 2646 Et
202 2587 269 2662 quia
299 2589 355 2646 hoo
375 2589 490 2647 abunde
510 2587 564 2647 tibi
585 2593 686 2648 notum
707 2594 760 2661 est,
783 2608 862 2665 aegre
883 2590 959 2648 ferre
979 2608 1039 2647 non
1059 2589 1154 2662 debes,
1177 2589 1202 2648 si

117 2687 233 2726 ,rursus
254 2669 391 2742 quasdam
413 2669 533 2726 formem
555 2669 746 2745 objectiones:
768 2689 857 2745 cogor
876 2669 919 2728 ita
939 2670 1044 2740 facere,
1066 2669 1202 2744 quamdiu

131 2767 192 2806 rem
223 2749 301 2806 clare
330 2749 479 2824 percipere
500 2769 625 2825 nequeo;
648 2770 715 2808 nam
736 2751 791 2808 hoc
812 2750 842 2808 in
864 2749 950 2808 alium
971 2770 1030 2809 non
1051 2751 1085 2808 fit
1106 2750 1201 2821 finem,

133 2847 219 2903 quam
250 2828 287 2886 ad
319 2828 473 2887 veritatem
503 2829 716 2902 inveniendam,
747 2850 806 2889 non
826 2849 896 2889 vero
917 2830 954 2888 ad
975 2835 1055 2891 tuam
1076 2835 1202 2889 mentem

132 2912 240 2983 praeter
268 2907 457 2968 intentionem
489 2914 569 2969 tuam
597 2910 836 2985 detorquendam
859 2914 889 2968 et
908 2915 1063 2986 propterea
1082 2911 1119 2969 ad
1140 2912 1202 2970 haec
1236 2923 1238 2929 ’

133 3007 226 3063 pauca
255 2988 374 3047 amicam
395 2993 464 3065 peto
484 2989 709 3066 responsionem.
731 2989 819 3061 Dicis,
840 2991 913 3048 nibil
933 2993 973 3048 od
993 2993 1142 3049 essentium
1160 2994 1204 3050 rei

134 3071 262 3144 amptius
277 3072 431 3144 pertinere,
454 3090 542 3147 qnam
562 3072 602 3141 id,
625 3073 700 3146 qnod
721 3071 821 3128 diuina
840 3071 971 3128 retentas
983 3073 1168 3146 potentiaque
1178 3074 1204 3128 ei

134 3150 260 3207 concedit
292 3157 317 3208 et
348 3169 447 3209 revera
479 3152 597 3225 tritam
628 3157 653 3208 et
683 3169 749 3208 cnm
780 3151 819 3208 ad
839 3157 978 3208 naturam
998 3152 1132 3220 bominis,
1154 3154 1204 3227 qni

134 3232 261 3304 appetita
294 3230 423 3288 libidinis
451 3233 575 3302 ducitur,
600 3231 780 3301 attendimus,
799 3237 1023 3305 praesentemque
1044 3232 1202 3305 appetitam

134 3328 197 3367 cnm
218 3328 256 3382 eo,
280 3312 330 3386 qni
351 3312 382 3368 in
403 3312 502 3385 probis
523 3319 571 3383 est,
589 3311 634 3372 vet
658 3330 724 3369 enm
748 3329 787 3381 eo,
810 3329 893 3385 prtem
914 3312 975 3385 ipse
996 3311 1071 3368 elias
1091 3310 1200 3385 dabnit,

134 3408 346 3464 comparamus,
367 3393 547 3466 affirmamus
568 3411 631 3449 enm
642 3392 783 3449 nominem
794 3391 1203 3466 metioreappetitnprieatnm

134 3488 197 3540 esse,
221 3473 291 3546 qnia
312 3478 381 3528 tnnc
401 3474 449 3530 isti
470 3474 589 3530 virtutis·
604 3473 762 3546 appetitum
773 3477 926 3542 competere
929 3472 1116 3545 judicamns3
1128 3473 1204 3543 qnod

132 3550 228 3623 facere
249 3570 307 3609 non
322 3568 486 3626 possnmns,
508 3553 533 3610 si
554 3553 594 3609 ad
610 3558 749 3609 naturam
770 3551 862 3608 divini
882 3551 987 3608 decreti
1005 3557 1030 3608 et
1050 3552 1204 3609 intellectus

134 3632 321 3689 attendimus:
342 3650 412 3688 nam
433 3651 463 3690 eo
485 3639 611 3706 respecta
633 3631 733 3689 melier
753 3631 800 3688 itte
820 3633 963 3705 appetitus
983 3649 1041 3688 non
1062 3633 1204 3706 mapisad

135 3718 273 3769 natnram
304 3713 388 3768 istius
409 3713 531 3769 dominis
551 3731 582 3770 eo
603 3718 734 3786 tempore,
757 3728 845 3786 qrrarn
867 3712 905 3768 od
926 3717 1066 3769 natarum
1087 3712 1204 3769 maban

136 3797 188 3848 ant
209 3793 317 3865 tepidis
333 3793 469 3866 pertinet,
481 3799 532 3851 ete.
545 3793 624 3850 In'eet
635 3794 710 3849 enim
721 3791 801 3848 Dens
806 3791 991 3865 praeteritam
1002 3798 1027 3849 et
1032 3798 1202 3866 praesentem
