2662 4298
388 342 702 381 1111111111-11111111
724 343 787 382 111».
810 342 851 381 vr.
1107 327 1145 384 23

72 511 183 571 scilicet
170 509 323 586 tt'poten
316 529 374 568 111
405 509 458 567 1111
489 514 518 567 11
538 510 696 600 potentiam
719 530 813 568 rerum
834 510 1017 581 naturalium,
1040 513 1140 571 aDeo

72 598 173 667 tamen
204 595 283 650 certo
314 590 398 647 modo
430 590 478 647 det
466 590 603 647 terminat
605 610 659 662 am,
694 591 738 648 vel
761 595 804 656 (ut
824 590 953 728 plerique
974 591 1067 666 magis
1087 593 1140 649 ho-

73 660 175 730 dierno
206 657 335 747 tempore
369 689 420 727 sen
422 669 509 741 tiunt)
531 690 597 728 crea
599 674 667 729 t.am
691 670 765 739 Quid
787 677 838 728 aut
839 691 883 728 11
904 690 956 745 per
978 676 1139 763 utramque3

73 758 104 811 et
134 751 203 828 quid
237 770 297 888 pert
309 750 451 809 Deumet
472 749 530 808 Nat
518 754 613 808 turam
633 750 664 808 in
665 750 806 824 telligant,
828 750 961 808 nesciunt
981 770 1061 826 1111,
1084 751 1140 810 nisi

73 832 149 908 quod
171 831 226 890 Dei
246 835 297 907 pot
298 830 405 890 entiam
426 835 564 905 tanquam
585 830 683 905 Regiae
704 831 853 905 cujusdam
874 831 964 905 majas
965 831 1056 889 tatis
1048 851 1140 907 impe·

72 913 157 982 rium,
189 911 309 970 Naturae
341 914 437 969 autem
468 914 606 985 tanquam
638 911 696 969 vim
725 916 753 968 et
774 910 912 986 impetum
932 911 1138 1002 imaginentur.

72 993 189 1067 Vulgus
214 991 312 1067 itaque
339 1010 428 1066 opera
459 989 578 1049 Naturae
600 990 1063 1050 111111111111111111111111111
1086 991 1140 1050 Dei

71 1091 208 1164 operae
191 1076 222 1130 11
242 1071 347 1147 partim
368 1091 406 1129 ex
426 1070 589 1140 devotione,
611 1070 717 1146 partim
738 1086 775 1129 ex
796 1071 936 1145 cupiditat
924 1072 1139 1130 teadversandi

70 1153 116 1244 111,
147 1151 196 1229 qui
226 1151 362 1210 scientias
382 1152 531 1210 naturales
551 1152 658 1223 colunt,
637 1157 776 1242 trerum
797 1171 899 1209 causas
920 1153 1068 1210 naturales
1092 1173 1140 1210 ne·

71 1232 146 1291 scire
178 1231 314 1308 cupite
315 1235 390 1289 tea
410 1235 475 1290 ttan
476 1252 524 1289 mn
545 1231 644 1290 audire
665 1231 762 1306 gestit,
785 1252 849 1306 quae
868 1231 993 1289 maxime
1014 1232 1139 1306 ignorat,

73 1332 198 1389 quaeque
218 1314 372 1387 propterea
392 1311 517 1369 maxime
538 1312 662 1370 admirat
649 1317 706 1370 tur.
728 1277 878 1380 Videlicet,
900 1310 968 1386 quia
989 1312 1068 1370 nulla
1083 1311 1141 1370 alia

71 1392 196 1463 ratione,
229 1391 284 1450 1111
314 1411 416 1450 causas
446 1393 595 1450 naturales
626 1393 760 1462 tollendo,
791 1411 894 1467 resque
916 1396 1001 1450 extra
1020 1391 1140 1450 Natura

71 1473 204 1532 ordinem
223 1471 418 1547 imaginando,
441 1473 533 1530 Deum
548 1472 681 1548 adorare,
697 1471 847 1547 omniaque
862 1472 898 1529 ad
914 1472 975 1547 ejus
988 1472 1140 1548 imperium

71 1554 304 1617 etvoluntatem
324 1551 432 1611 referre
453 1556 558 1627 potest,
580 1571 633 1610 nec
654 1552 707 1609 Dei
728 1552 887 1627 potentiam
907 1552 1001 1627 magis
1019 1553 1140 1611 admira-

70 1639 128 1704 tur,
151 1631 209 1691 nisi
231 1632 298 1690 dum
318 1631 477 1708 potentiam
498 1632 619 1691 Naturae
641 1653 659 1690 a
681 1633 741 1690 1111
763 1632 843 1707 quasi
866 1635 1015 1691 subactam
1035 1633 1139 1707 imagi-

70 1717 167 1772 natur.
191 1712 274 1782 Quod
296 1711 409 1788 quidem
430 1712 569 1787 originem
592 1712 709 1770 duxisse
729 1711 844 1770 videtur
865 1733 883 1770 a
903 1712 1003 1788 primis
1017 1714 1139 1784 Judaeis,

71 1792 131 1870 qui,
162 1797 198 1851 ut
229 1793 368 1851 Ethnicos
398 1792 443 1850 sui
474 1792 619 1869 temporis,
652 1792 701 1868 qui
721 1794 798 1850 Deos
819 1793 946 1851 visibiles
967 1794 1138 1864 adorabant,

70 1872 208 1940 videlicet
232 1872 335 1942 Solem,
357 1873 477 1942 Lunam,
499 1874 627 1944 Terram,
649 1877 773 1948 Aquam,
796 1875 910 1943 Aerem,
932 1876 997 1943 111,
1019 1874 1138 1932 convin-

70 1957 179 2023 cerent,
202 1951 295 2028 iisque
315 1953 509 2024 ostenderent,
532 1953 608 2011 Deos
628 1953 692 2011 illos
712 1953 867 2011 imbecilles
888 1958 918 2011 et
931 1953 1139 2024 inconstantes,

71 2033 132 2109 sive
154 2032 319 2104 mutabiles
341 2037 371 2092 et
391 2035 444 2092 sub
465 2033 583 2108 imperio
605 2033 659 2091 Dei
678 2033 830 2092 invisibilis
845 2053 917 2102 esse,
932 2034 1071 2093 miracula
1087 2053 1141 2093 sua
1176 2073 1178 2077 .

70 2116 242 2183 narrabant,
275 2112 378 2188 quibus
409 2113 526 2188 insuper
553 2116 734 2172 conabantur
754 2115 913 2184 ostendere,
936 2118 1026 2172 totam
1049 2115 1140 2173 Natu-

70 2214 133 2253 ram
165 2213 205 2252 ex
240 2193 302 2264 Dei,
325 2213 408 2268 quern
429 2195 598 2261 adorabant,
619 2193 738 2269 imperio
759 2193 789 2250 in
811 2214 909 2252 eorum
930 2199 1044 2251 tantum
1066 2215 1139 2251 com·

70 2275 189 2334 modurn
207 2272 305 2348 dirigi3
318 2274 392 2348 quod
404 2273 519 2349 quidem
529 2274 692 2332 hominibus
703 2275 773 2331 adeo
784 2274 890 2342 arrisit,
904 2278 936 2332 ut
946 2273 977 2330 in
989 2276 1042 2331 hoc
1050 2294 1139 2349 usque

70 2359 186 2430 tempus
197 2353 337 2413 miracula
347 2354 457 2428 fingere
465 2374 523 2412 non
534 2354 720 2424 cessaverint,
733 2358 766 2411 ut
775 2353 831 2429 ipsi
841 2355 901 2411 Deo
909 2353 1139 2413 dilectioresreli·

73 2435 145 2511 quis,
160 2452 306 2508 causaque
316 2434 419 2504 finalis,
430 2439 548 2510 propter
559 2435 645 2509 quam
654 2435 733 2492 Deus
744 2433 839 2492 omnia
849 2433 959 2492 creavit
966 2439 995 2492 et
1003 2435 1139 2493 continuo

72 2514 180 2590 dirigit,
198 2515 393 2573 crederentur.
414 2514 487 2583 Quid
502 2514 557 2572 sibi
567 2514 648 2589 vulgi
660 2514 783 2572 stultitia
794 2519 987 2589 nonarrogat,
1000 2517 1074 2589 quod
1087 2535 1139 2573 nec

73 2596 108 2654 de
127 2597 199 2666 Deo,
221 2614 275 2653 nec
296 2595 330 2652 de
349 2594 460 2653 Natura
481 2594 568 2652 ullum
584 2615 684 2653 sanum
699 2596 788 2653 habet
801 2599 979 2670 conceptum,
995 2597 1071 2670 quod
1087 2595 1141 2654 Dei

71 2675 181 2751 placita
195 2695 260 2733 cum
275 2674 420 2732 hominum
435 2674 548 2750 placitis
563 2674 720 2746 confundit,
736 2680 765 2732 et
780 2677 854 2750 quod
867 2675 989 2751 denique
998 2675 1139 2735 Naturam

72 2756 144 2814 adeo
166 2754 320 2812 limitatam
341 2755 434 2829 fingit,
456 2760 489 2813 ut
509 2755 653 2813 hominem
675 2755 736 2830 ejus
757 2756 931 2831 praecipuam
952 2761 1063 2831 partem
1076 2777 1140 2815 esse

72 2836 181 2895 credat.
205 2835 260 2892 His
279 2835 360 2909 vulgi
382 2836 416 2892 de
437 2835 549 2893 Natura
563 2841 592 2893 et
606 2835 750 2894 miraculis
765 2836 913 2911 opiniones
927 2841 956 2894 et
970 2837 1138 2914 praejudicia

72 2915 144 2974 satis
164 2914 278 2990 prolixe
299 2915 450 2984 enarravi;
474 2920 610 2984 attamen,
633 2921 665 2974 ut
686 2936 746 2974 rem
768 2917 867 2974 ordine
889 2917 1031 2983 edoceam,
1044 2921 1138 2974 osten·

73 2997 148 3070 dam,
183 2997 206 3054 1.
232 2995 304 3053 nihil
325 2999 425 3053 contra
446 2996 586 3053 Naturam
608 2995 783 3070 contingere,
806 2997 856 3055 sed
869 2996 968 3072 <ipsam
989 3002 1137 3068 aeternum,

73 3077 172 3145 fixum,
206 3080 236 3134 et
266 3074 472 3133 immutabilem
504 3077 633 3134 ordinem
665 3097 790 3147 servare,
822 3082 852 3134 et
883 3077 975 3146 simul,
998 3077 1065 3152 quid
1088 3096 1140 3152 per

73 3156 243 3215 miraculum
263 3154 483 3229 intelligendum
503 3157 556 3222 sit;
579 3157 619 3214 Il.
642 3177 694 3214 nos
708 3177 745 3215 ex
759 3157 904 3215 miraculis
917 3177 970 3215 nec
985 3157 1138 3215 essentiam

73 3256 127 3295 nec
158 3235 352 3306 existentiam,
386 3241 414 3293 et
447 3242 622 3327 consequent
624 3257 655 3294 er
676 3257 728 3295 nec
749 3237 910 3312 provident
903 3257 959 3294 ram
981 3237 1034 3294 Dei
1054 3256 1138 3311 posse

74 3335 257 3391 cognoscere,
290 3317 340 3373 sed
370 3317 434 3374 haec
465 3317 560 3374 onmia
590 3317 676 3391 longe
708 3317 808 3375 melius
835 3316 943 3391 percipi
971 3335 1007 3373 ex
1029 3316 1138 3373 fixoet

63 3395 251 3465 immutabili
275 3395 334 3453 Nat
322 3401 395 3454 turae
424 3397 531 3455 ordine.
561 3397 615 3455 Ill.
638 3417 672 3454 ex
694 3397 803 3472 aliquot
824 3396 919 3470 Script
920 3416 979 3454 urae
1000 3395 1140 3470 exemplis

74 3476 234 3546 ostendam,
267 3476 359 3551 ipsam
392 3477 486 3552 Seript
487 3498 568 3535 uram
594 3497 646 3552 per
667 3477 718 3534 Dei
741 3478 906 3533 decrettae
926 3475 1086 3545 volitiones,
1109 3480 1139 3533 et

75 3560 251 3632 consequent
253 3575 284 3614 er
312 3557 532 3631 providentiam,
555 3558 625 3614 nihil
647 3558 724 3614 aliud
745 3557 916 3630 intelligere,
939 3576 1024 3632 quam
1045 3555 1138 3632 ipsum

74 3636 193 3694 Naturae
228 3636 364 3703 ordinem,
397 3637 445 3712 qui
477 3658 513 3696 ex
545 3638 607 3712 ejus
639 3638 755 3695 aeternis
782 3638 894 3711 legibus
915 3637 1076 3696 necessario
1097 3657 1139 3694 se·

76 3715 181 3791 quitur.
204 3717 255 3774 IV.
279 3717 409 3792 Denique
431 3719 466 3775 de
487 3719 570 3775 modo
592 3719 730 3776 miracula
752 3718 906 3792 Scripturas
920 3717 1138 3793 interpretandi,

77 3800 105 3854 et
137 3795 171 3854 de
198 3796 242 3866 iis,
272 3817 335 3871 quae
357 3798 501 3872 praecipue
523 3799 599 3856 circa
620 3799 821 3856 miraculorum
843 3799 1024 3856 narrationes
1045 3796 1139 3854 notari
