2662 4298
551 364 690 403 samsona
710 364 790 404 xum.
810 389 812 393 -
893 415 897 423 Ι
1138 347 1196 405 357

132 536 170 603 et,
192 533 266 607 quod
288 532 381 606 magis
405 532 495 602 doleo,
510 532 586 608 quod
598 551 651 590 neo
661 531 748 590 etiam
759 531 942 607 Hypothesin
952 535 1032 590 tuam
1043 530 1197 606 Physioam

131 613 230 671 videre
257 612 411 688 potuerim,
433 612 480 670 hio
502 613 604 671 saltem
625 613 720 686 Hagae
741 611 860 671 Comitis
879 611 991 670 venalis
1010 630 1068 670 non
1090 615 1195 670 exstat.

133 693 163 751 Si
193 693 269 750 hano
299 713 369 767 ergo
397 692 519 763 miseris,
542 712 602 751 rem
622 692 692 750 mihi
714 690 906 767 gratissimam
926 692 1023 763 facies,
1046 695 1076 750 et
1096 691 1198 767 siqua

132 773 189 831 alia
219 773 250 831 in
279 793 311 830 re
342 773 395 832 tibi
428 773 538 832 servire
568 777 677 849 potero,
706 792 764 830 non
790 770 918 831 desinam
939 771 1098 843 ostendere,
1121 773 1197 848 quod

135 853 188 911 sim
209 860 237 922 a)

577 961 630 1018 Vir
654 960 834 1035 (impiissime

753 1059 788 1098 ex
808 1059 870 1098 asse
891 1047 957 1098 tous

849 1120 883 1178 B.
905 1138 942 1176 nn
963 1137 1093 1176 samono.

158 1201 236 1258 Hagae
253 1200 391 1262 Comitist)
409 1199 485 1246 novri.
505 1199 573 1247 1671.

171 1288 541 1349 Dus.nimerb1·u0kiushi0
551 1308 609 1347 non
619 1287 742 1347 habitat.
753 1287 848 1362 Cogor
858 1286 956 1363 itaque
967 1287 1042 1344 hano
1049 1284 1197 1344 tabellioni

133 1369 277 1428 ordinario
309 1370 433 1428 tradere.
456 1369 521 1427 Non
542 1368 642 1428 dubito
662 1367 731 1444 quin
752 1367 799 1426 hio
818 1367 913 1442 Hagae
934 1365 1053 1426 Comitis
1074 1364 1197 1441 aliquem

134 1450 182 1525 qui
212 1449 349 1525 epistolas
381 1453 497 1508 nostras
530 1469 632 1508 curare
657 1448 736 1520 velit,
757 1447 881 1519 novaria,
903 1466 986 1523 quem
1008 1466 1062 1521 ego
1082 1445 1197 1504 novisse

134 1529 219 1588 velim
250 1534 283 1588 ut
314 1529 444 1606 epistolae
479 1529 655 1588 commodius
679 1532 715 1587 et
745 1527 874 1587 securius
901 1525 998 1586 curari
1018 1529 1144 1603 possent.
1166 1525 1197 1584 Si

133 1611 287 1668 Tractatus
308 1609 616 1686 theologicopolitious
642 1609 678 1668 ad
699 1613 765 1668 tuas
784 1628 888 1667 manus
907 1607 1034 1668 nondum
1054 1605 1195 1683 pervenit,

135 1710 223 1748 unum
244 1691 393 1765 exemplar
414 1690 470 1749 nisi
491 1691 642 1749 molestum
663 1689 727 1762 erit,
748 1688 869 1748 mittam.
891 1687 973 1747 Vale.

250 1825 373 1884 Epistola
389 1826 536 1884 Inscriptio.

173 1940 330 1986 Nobilissimo
346 1942 553 1999 Amplissimoque
568 1940 612 1985 D⁰.

159 2003 201 2048 D0.
221 2003 338 2060 Gotfredo
358 2004 488 2049 Guilielmo
504 2003 627 2048 Leibnitio

158 2066 233 2110 Jorie
256 2080 280 2112 u.
306 2067 407 2111 Doctori
427 2071 449 2110 et
474 2066 625 2111 Consiliario

158 2129 301 2185 Mopuntino
724 2169 726 2173 ,

596 2190 698 2234 Maintz.

395 2569 419 2625 E
430 2587 447 2624 P
458 2587 470 2625 1
486 2587 500 2624 s
511 2587 527 2624 Τ
538 2587 555 2625 o
567 2587 583 2625 n
594 2587 614 2624 A
635 2566 747 2624 XLVII
768 2567 845 2640 (omn
861 2567 930 2639 nm).
1006 2535 1010 2542 Δ

338 2702 513 2776 Pliilosopleo
538 2702 712 2758 Aeolissimo
735 2719 770 2757 ao
795 2699 978 2757 Celeberrimo

591 2833 624 2891 B.
647 2852 674 2892 n.
697 2832 725 2890 S.

318 2968 346 3025 J.
370 2963 997 3024 LUDOVIOUSFABRITIUS.

209 3102 392 3159 Celeberrime
418 3101 481 3175 Vir,

167 3236 200 3292 [n
240 3232 386 3292 mandatis
424 3232 496 3291 mihi
536 3232 615 3292 dedit
648 3231 852 3290 Serenissimus
884 3231 1000 3289 Elector
1032 3229 1190 3302 Palatinus,

127 3314 266 3372 Dominus
287 3333 368 3372 meus
389 3313 643 3385 (dementissimus,
664 3317 698 3371 ut
718 3317 750 3371 at
769 3313 819 3383 Te,
840 3310 910 3369 mihi
920 3310 1034 3387 quidem
1045 3311 1192 3386 hueusque

156 3522 181 3574 a)
198 3520 255 3564 Hac
280 3519 371 3565 ultima
393 3520 420 3564 in
437 3516 502 3577 Opp.
519 3517 607 3562 Posth.
624 3517 661 3562 sic
678 3517 774 3575 scripta
790 3519 864 3561 sunt:
881 3515 1045 3561 Prodromum
1063 3515 1193 3560 Frontina·

126 3583 205 3627 Lame
221 3582 322 3626 necdum
339 3581 398 3638 oluit,
414 3587 441 3626 ut
457 3595 501 3626 nee
510 3581 584 3625 etium
595 3580 651 3625 Joh.
666 3579 726 3624 ott-ci
740 3578 903 3636 Capitutionea
914 3577 1190 3636 Phasim-Memnonos,

128 3649 158 3698 et,
181 3645 245 3702 quod
268 3645 349 3701 mayn
373 3644 448 3701 doleo,
473 3642 581 3688 nondum
606 3641 754 3699 Hypotheaia
777 3646 821 3686 tuo
843 3641 950 3698 Physica
972 3640 1006 3686 ud
1020 3654 1109 3685 manua
1124 3653 1192 3684 oveas

124 3707 245 3764 peruenit,
270 3720 311 3752 nee
334 3707 373 3751 hie
398 3707 477 3763 Hopoe
504 3706 606 3750 Comitia
626 3705 722 3749 venalia
737 3709 825 3750 enatat.
841 3704 932 3748 Munus
948 3702 1115 3761 iqitum'quod
1130 3703 1192 3746 mih—i

129 3774 180 3813 tona
205 3768 340 3815 literaliter
359 3769 497 3827 promittis,
521 3767 716 3825 acceptissimum
741 3767 802 3812 maha·
821 3766 877 3822 erit,
893 3771 915 3810 et
930 3767 954 3810 ei
969 3780 1018 3824 qua
1035 3766 1089 3811 alia
1105 3778 1131 3809 re
1148 3763 1192 3808 titt

128 3831 249 3877 inseruire.
263 3838 355 3890 potero,
372 3845 466 3890 semper
481 3844 518 3875 me
534 3831 650 3885 invenies,
665 3834 708 3875 etc.
