2662 4298
405 355 724 396 1333133133-33311131
745 355 810 394 331.
832 355 917 394 xvm.
1130 337 1198 395 155

127 525 232 583 civium
255 543 357 582 manus
378 524 457 581 caede
477 522 560 597 regia
574 527 750 594 cruentatae,
766 543 871 599 eosque
883 523 1045 599 parricidio,
1057 528 1197 600 tanquam

127 625 160 664 13
182 608 255 663 bene
278 608 369 677 gesta,
393 603 530 678 gloriari?
553 604 629 678 quod
650 623 717 674 non,
740 603 796 662 nisi
817 605 853 662 ad
875 605 1038 680 exemplum
1058 604 1088 662 in
1102 604 1195 679 ipsum

127 686 220 743 solnm
252 684 447 752 statuendum,
481 683 695 742 commiserunt.
728 683 812 755 Sane,
834 684 859 742 si
881 685 945 742 Rex
966 704 1029 743 esse
1049 685 1121 755 vult,
1143 704 1199 743 nec

127 766 265 842 populum
302 766 414 838 Regum
442 763 566 839 judicem
597 783 738 843 suumque
767 764 913 822 dominum
945 785 1111 840 agnoscere,
1144 785 1199 823 nec

126 845 258 922 precario
279 863 412 919 regnare,
434 843 538 920 prioris
555 850 677 902 mortem
699 844 846 903 vindicare
868 846 961 915 debet,
984 849 1014 903 31
1034 845 1197 903 3331133111

127 946 217 985 33333
238 925 400 999 exemplum
420 928 558 994 statuere,
581 944 617 982 ne
638 925 760 1001 populus
781 924 886 983 iterum
908 926 967 983 tale
988 924 1102 984 facinus
1123 945 1197 984 com·

127 1006 244 1064 mittere
276 1006 390 1063 audeat.
422 1005 463 1062 At
494 1009 616 1063 mortem
646 1005 766 1080 tyranni
796 1004 901 1063 civium
933 1025 1003 1064 3333
1034 1025 1092 1064 333
1112 1006 1199 1064 facile

127 1085 277 1144 vindicare
307 1084 422 1161 poterit,
455 1084 510 1143 nisi
539 1084 624 1143 simul
651 1085 778 1160 ejusdem
806 1085 910 1160 prioris
937 1085 1056 1161 tyranni
1079 1100 1205 1144 causam

128 1167 275 1237 defendat,
297 1166 415 1241 ejusque
435 1165 514 1224 facta
535 1167 684 1241 approbet,
707 1169 737 1223 31
758 1171 968 1241 consequenter
981 1165 1078 1224 omnia
1093 1165 1200 1241 prioris

127 1246 249 1323 tyranni
270 1244 395 1320 vestigia
415 1250 561 1320 33333131.
583 1245 661 1303 Η133
681 1245 772 1320 igitur
791 1245 909 1316 factum,
931 1256 965 1304 31
985 1246 1108 1321 populus
1119 1266 1200 1321 saepe

128 1326 245 1403 quidem
276 1330 433 1401 tyrannum
464 1330 586 1394 mutare,
619 1330 650 1383 31
673 1345 819 1400 33333313
841 1326 950 1397 1311313,
972 1345 1026 1384 333
1046 1326 1196 1402 1133311313

127 1406 343 1466 monarchicum
376 1406 407 1463 in
438 1406 515 1465 aliud
546 1405 665 1464 31131133
690 1406 789 1464 formae
811 1411 923 1464 mutare
943 1405 1079 1482 potuerit.
1101 1406 1200 1481 Hujus

127 1488 172 1546 rei
213 1487 301 1544 fatale
333 1487 496 1562 exemplum
527 1486 650 1562 populus
682 1486 863 1561 Anglicanus
894 1487 981 1557 dedit,
1013 1486 1062 1562 qni
1094 1506 1199 1544 333333

127 1567 275 1644 quaesivit,
308 1565 413 1641 quibus
440 1566 535 1642 specie
553 1566 627 1642 juris
648 1568 834 1624 monarcham
856 1566 985 1625 emedio
1006 1567 1133 1638 tolleret;
1157 1571 1196 1638 at,

128 1667 165 1706 eo
198 1648 321 1718 sublato,
353 1646 424 1704 nihil
455 1647 550 1705 minus
579 1647 676 1705 facere
707 1647 811 1722 potuit,
837 1667 923 1723 quam
943 1647 1065 1705 formam
1085 1646 1199 1723 imperii

128 1733 253 1792 mutare.
287 1727 337 1785 sed
369 1733 435 1802 post
465 1728 586 1785 multum
612 1728 784 1801 sanguinem
805 1728 926 1785 effusum
947 1728 1005 1785 huc
1025 1733 1196 1803 perventum

126 1814 182 1880 331,
216 1813 249 1866 31
280 1827 373 1865 novus
402 1808 560 1865 monarcha
591 1806 647 1865 alio
676 1807 790 1865 nomine
820 1808 996 1866 salutaretur
1017 1807 1113 1883 (quasi
1134 1812 1197 1865 1313

129 1888 253 1965 quaestio
285 1889 320 1946 de
351 1888 411 1946 solo
446 1887 561 1946 nomine
587 1887 716 1960 fuisset);
739 1887 788 1964 qui
809 1889 889 1946 nulla
909 1887 1022 1946 ratione
1042 1887 1200 1963 persistere

126 1973 254 2045 3313131,
269 2045 271 2049 ¹
284 1967 339 2026 nisi
360 1968 478 2044 stirpem
499 1968 610 2042 regiam
632 1967 749 2042 penitus
770 1968 901 2038 delendo,
923 1968 1001 2043 regis
1022 1967 1129 2026 amicos
1150 1968 1197 2042 vel

129 2049 257 2107 amicitia
276 2053 424 2123 suspectos
436 2049 574 2118 necunde,
587 2052 616 2105 et
628 2047 717 2107 otium
728 2047 815 2124 pacis,
828 2048 990 2106 rumoribus
1002 2052 1110 2124 aptum,
1123 2049 1199 2106 bello

130 2129 329 2198 disturbando,
342 2133 376 2186 ut
389 2129 479 2203 plebs,
490 2128 574 2186 novis
584 2130 671 2186 rebus
682 2133 823 2204 occupata
834 2133 864 2187 et
874 2128 996 2193 1313313.
1008 2127 1201 2202 cogitationes

129 2211 167 2268 de
188 2210 267 2267 caede
288 2208 369 2283 regia
380 2208 435 2267 3113
447 2208 613 2267 diverteret.
626 2208 696 2266 Sero
708 2208 798 2283 igitur
808 2208 1014 2267 animadvertit
1024 2209 1155 2284 populna,
1168 2205 1213 2266 sex

129 2310 184 2366 pro
216 2290 309 2348 331313
343 2289 446 2364 patriae
469 2288 541 2347 nihil
562 2288 639 2347 aliud
660 2288 771 2358 fecisse,
794 2309 879 2365 quam
898 2290 946 2365 jus
966 2288 1088 2364 legitimi
1109 2288 1201 2362 Regis

131 2371 251 2439 violare,
272 2389 375 2443 resque
396 2388 495 2427 omnes
515 2368 545 2427 in
566 2369 692 2445 pejorem
714 2373 822 2427 statum
844 2375 965 2428 mutare.
977 2370 1055 2443 Ergo
1068 2369 1199 2442 gradum,

129 2450 181 2509 ubi
201 2449 291 2520 licuit,
304 2469 441 2511 revocare
453 2450 589 2518 decrevit,
601 2469 655 2508 nec
666 2449 785 2526 quievit,
798 2450 888 2508 donec
899 2449 994 2508 omnia
1004 2449 1035 2507 in
1046 2448 1199 2525 pristinum

130 2550 218 2589 suum
240 2534 346 2588 statum
369 2534 534 2588 1331331313
555 2530 637 2588 vidit.
661 2532 702 2588 At
722 2531 820 2589 forsan
842 2530 945 2604 aliquis
959 2530 1090 2604 exemplo
1101 2529 1202 2604 populi

130 2610 256 2669 Romani
277 2609 400 2684 objiciet,
422 2611 558 2685 populum
579 2611 662 2669 facile
684 2631 767 2686 posse
778 2615 935 2686 tyrannum
947 2610 1066 2668 emedio
1078 2611 1178 2668 tollere
1192 2634 1200 2682 3

129 2692 181 2750 sed
203 2710 257 2764 ego
279 2691 378 2748 eodem
399 2695 526 2748 nostram
549 2691 722 2749 sententiam
745 2691 859 2749 omnino
881 2691 1044 2749 confirmari
1055 2690 1201 2749 existimo.

129 2771 204 2829 Nam
227 2771 359 2845 quamvis
379 2771 501 2846 populus
515 2772 663 2829 Romanus
677 2772 764 2845 longe
775 2771 888 2830 facilius
898 2776 1055 2846 tyrannum
1074 2791 1090 2829 e
1106 2770 1202 2828 medio

130 2852 243 2918 tollere,
266 2856 295 2908 31
315 2852 437 2908 formam
458 2850 568 2926 imperii
590 2856 703 2909 1331313
724 2851 859 2926 33133111,
882 2856 1037 2927 313313133
1058 2851 1133 2925 qnod
1153 2851 1204 2925 jus

129 2951 230 3006 regem
253 2931 371 3006 ejusque
392 2950 586 2989 successorem
607 2930 732 3005 eligendi
753 2950 841 3005 penes
861 2931 954 3005 ipsum
975 2927 1111 3007 populum
1128 2935 1202 2999 erat,

129 3018 160 3070 et
190 3013 266 3087 quod
287 3011 348 3086 ipse
371 3015 481 3086 (utpote
503 3031 538 3069 ex
560 3010 704 3069 seditiosis
725 3015 755 3068 31
775 3010 926 3084 flagitiosis
947 3011 1110 3069 hominibus
1132 3030 1200 3068 con·

128 3093 229 3163 flatus)
252 3092 378 3149 nondum
400 3091 519 3165 regibus
540 3090 656 3149 obedire
678 3095 885 3160 consueveram
908 3111 973 3148 3313
996 3111 1034 3148 ex
1055 3111 1116 3161 sex,
1129 3110 1204 3164 quos

130 3177 219 3230 antea
240 3172 390 3241 habuerat,
413 3175 473 3229 tres
494 3171 694 3242 interfecerat,
717 3174 815 3228 133133
835 3170 908 3228 nihil
930 3171 1007 3229 aliud
1021 3170 1099 3239 fecit,
1115 3190 1200 3245 quam
1240 3197 1242 3204 ·

129 3254 193 3310 loco
214 3251 300 3310 unius
320 3253 418 3326 plures
438 3257 581 3326 tyrannos
602 3251 718 3326 eligere,
740 3250 789 3326 qni
802 3250 895 3325 ipsum
912 3255 1033 3309 externo
1045 3250 1203 3308 311313133

129 3333 207 3390 bello
228 3332 331 3389 misere
352 3331 516 3390 conflictum
538 3351 651 3407 semper
672 3332 844 3403 habuerunt,
868 3331 959 3388 donec
979 3331 1095 3389 tandem
1113 3329 1200 3404 impe·

130 3413 204 3470 rium
226 3412 330 3470 iterum
352 3412 381 3470 in
402 3413 598 3476 monarcham.
619 3416 731 3470 mutato
753 3411 838 3468 311313
863 3415 1031 3477 tantum,ut
1040 3410 1071 3467 in
1082 3409 1201 3484 Anglia,

130 3493 255 3561 nomine,
288 3492 383 3550 cessit.
417 3492 498 3561 Quod
527 3497 623 3550 autem
645 3493 681 3550 ad
704 3491 826 3550 Ordines
847 3490 1010 3548 Hollandiee
1033 3489 1147 3559 attinet,
1170 3489 1200 3547 hi

129 3593 289 3648 nunquam,
311 3573 386 3647 qnod
408 3572 520 3639 scimus,
544 3574 639 3646 Reges
660 3573 832 3641 habuerunt,
855 3571 905 3628 sed
926 3570 1059 3639 03311133,
1085 3570 1115 3628 13
1128 3590 1202 3645 3333

130 3672 278 3728 33333313
298 3653 345 3726 jus
365 3652 479 3726 imperii
500 3653 673 3710 translatum
694 3651 758 3710 fuit.
780 3652 863 3722 Nam,
886 3654 919 3708 31
935 3649 1203 3725 1331Ρ13333133133

132 3733 256 3792 Ordines
287 3733 450 3791 Hellandiae
485 3733 515 3789 in
546 3732 720 3799 inductione,
743 3738 872 3806 tempore
894 3729 1005 3787 comitis
1026 3729 1201 3805 Leycestriae

132 3817 169 3872 ah
197 3813 268 3889 ipsis
297 3813 382 3884 edita,
409 3814 504 3888 palam
525 3812 644 3881 faciunt,
668 3812 722 3870 sibi
744 3806 951 3870 authoritatem
973 3829 1086 3886 semper
1106 3829 1200 3868 reser-
