2662 4298
553 1103 616 1209 L.
658 1103 710 1210 S.

135 1409 292 1483 Postquam
325 1407 357 1465 in
390 1407 481 1483 primo
516 1406 661 1465 volumine
695 1408 730 1471 de
761 1407 889 1466 universi
923 1407 1019 1483 operis
1047 1408 1159 1466 ratione

94 1515 204 1582 dictum
225 1518 277 1585 est,
299 1489 346 1572 hic
365 1514 424 1588 jam
445 1512 545 1589 paucis
564 1514 779 1572 memorandum
800 1514 923 1585 videtur,
944 1533 1008 1589 quae
1022 1514 1070 1572 illo
1084 1514 1160 1573 edito

94 1623 143 1681 vel
164 1620 355 1698 repererimus
375 1622 421 1680 vel
442 1621 637 1679 censuerimus
657 1621 797 1680 facienda.

134 1729 172 1786 Et
203 1728 326 1804 primum
359 1727 474 1804 quidem
495 1747 510 1785 e
530 1727 667 1786 Leibnitii
686 1727 800 1786 schedis
814 1729 982 1786 ·Hanoverae
1003 1727 1160 1786 asservatis

94 1837 171 1895 forte
201 1836 320 1893 fortuna
351 1839 530 1893 emerserunt
560 1834 651 1892 literae
685 1835 722 1892 ad
753 1834 952 1909 philosophum
985 1833 1159 1892 Germanum

95 1944 171 2002 datae
202 1962 220 2000 a
252 1941 287 2001 G.
309 1943 347 2001 H.
370 1941 526 2012 Sohullero,
559 1941 699 2017 equibus
718 1961 777 1999 non
797 1945 910 1999 tantum
931 1946 1061 2016 apparet,
1083 1941 1160 1999 hunc

93 2050 187 2126 ipsum
223 2048 373 2108 Medicinae
406 2049 560 2107 Doctorem
597 2027 779 2106 adornandis
814 2041 956 2124 Operibus
996 2048 1161 2106 Posthumis

94 2175 212 2232 operam
233 2175 314 2214 suam
336 2160 365 2214 et
385 2155 511 2214 studium
532 2174 664 2226 navasse,
693 2155 858 2226 sedetiam,
891 2174 1013 2230 quorum
1032 2154 1158 2213 virorum

95 2263 212 2322 nomina
242 2262 326 2320 amici
357 2261 422 2320 olim
444 2282 482 2319 ex
502 2262 638 2337 Epistolis
658 2262 852 2337 expungenda
870 2261 1072 2336 judicaverint.
1115 2262 1174 2320 Sic·

96 2370 171 2428 enim
193 2368 308 2444 scripsit
327 2369 375 2426 ille
397 2368 423 2427 d.
448 2369 494 2427 19.
516 2368 561 2444 (N.
583 2368 611 2427 S.
634 2370 693 2442 29.)
714 2388 751 2426 111.
773 2367 872 2426 Martii
893 2388 918 2427 a.
943 2369 1046 2426 167&

138 2477 272 2549 „Ultimae
293 2476 448 2552 [epistolae]
470 2496 488 2534 a
509 2478 556 2534 61.
578 2495 668 2551 usque
689 2476 724 2534 ad
745 2476 918 2551 penultimas
940 2476 1064 2549 [literas]
1079 2496 1097 2534 a
1113 2496 1158 2534 me

96 2589 142 2655 „et
164 2582 388 2642 Tschirnhausio
410 2582 494 2640 simul
516 2582 590 2640 datae
611 2587 640 2640 et
653 2582 791 2640 redditae.
824 2582 852 2640 S.
869 2582 903 2640 de
918 2582 1003 2656 Vries
1016 2588 1160 2641 mercator

96 2696 143 2762 „ct
175 2689 359 2748 mennouista
388 2689 447 2764 jam
469 2692 537 2747 ente
558 2708 649 2746 annos
670 2688 779 2764 aliquot
798 2688 870 2746 obiit
891 2693 920 2747 et
939 2689 1068 2764 legatum
1092 2691 1158 2748 100.

97 2796 308 2873 „imperialium
330 2795 485 2872 quotannis
505 2794 621 2853 authori
640 2794 758 2869 legavit.
790 2796 813 2853 I.
835 2816 863 2853 v.
885 2796 925 2854 M.
947 2800 992 2853 est
1012 2797 1079 2854 Joh.
1100 2816 1158 2855 van

97 2905 166 2976 „der
187 2905 275 2975 Meer,
297 2903 325 2960 J.
347 2903 376 2960 J.
398 2902 418 2959 J
419 2901 503 2976 arigh
518 2902 536 2959 J
539 2902 615 2972 elles,
630 2905 751 2978 uterque
764 2905 907 2961 mercator
921 2903 1014 2961 adhuc
1028 2903 1058 2960 in
1072 2903 1156 2974 vivis

96 3012 138 3083 „L
171 3009 204 3069 O.
237 3011 304 3068 Joh.
338 3010 455 3080 Oosten,
488 3009 641 3083 chirurgus
661 3011 921 3070 Roterodamensis.
955 3011 1085 3086 Epistola
1107 3013 1153 3069 56.

96 3117 223 3193 „scripta
253 3121 297 3174 est
328 3116 364 3174 ad
396 3115 615 3173 Pensionarium
645 3115 707 3174 sive
738 3117 894 3192 Syndicum
924 3116 1156 3175 Gorcomiensem

96 3224 268 3298 „Hugonem
289 3225 401 3296 Buxen,
424 3224 584 3283 mutatione
599 3224 740 3300 Principis
754 3223 872 3282 Auriaci
886 3225 922 3281 ab
937 3223 1029 3281 officio
1044 3222 1095 3280 ΑΟ.
1111 3225 1156 3282 72.

95 3329 285 3406 „depositum
320 3331 449 3406 Epistola
471 3332 518 3389 50.
539 3331 576 3389 ad
598 3332 626 3390 J.
649 3332 677 3389 J.
700 3330 794 3388 data.”

130 3437 175 3494 De
208 3435 280 3494 civis
311 3437 397 3514 hujus
430 3437 641 3496 Gorcomiensis
671 3436 786 3495 nomine
817 3440 846 3494 et
877 3435 938 3493 vite
966 3434 1085 3493 comiter
1104 3454 1158 3492 nos

87 3548 197 3620 rogatu
228 3548 326 3602 nostro
359 3543 481 3614 edocuit,
514 3544 563 3619 qui
588 3543 630 3601 1111
651 3542 763 3602 civitati
782 3541 866 3600 hodie
887 3543 923 3600 ab
944 3540 1017 3599 actis
1037 3544 1089 3611 est,
1110 3540 1157 3598 vir

89 3649 312 3710 honestissimus
332 3652 379 3709 W.
402 3651 556 3725 Slootweg.
588 3648 757 3734 Nominibus
777 3652 873 3706 autem
895 3648 978 3705 editis
999 3647 1156 3706 Christiani

88 3757 222 3834 Hugenii
251 3758 356 3816 addere
387 3777 446 3815 non
477 3757 678 3826 dubitavimus,
711 3755 817 3831 quippe
842 3775 927 3830 quem
947 3775 1011 3813 cum
1033 3753 1156 3830 Spinoza
