2662 4298
125 300 182 358 198
541 315 696 355 neronom
718 317 751 357 11.

125 486 312 562 Philosophia
344 488 504 544 observem.
538 485 602 555 Qua
627 483 658 542 in
678 504 719 554 re,
741 483 873 560 quamvis
893 504 974 544 meus
994 504 1060 544 mos
1081 507 1147 546 non
1168 487 1205 546 sit

124 569 245 627 aliorum
266 586 379 625 errores
400 566 545 640 detegere,
568 565 633 623 volo
657 565 742 623 etiam
764 564 817 622 tibi
837 583 945 622 morem
957 584 1071 640 gerere.
1085 566 1205 626 Primus

124 649 223 724 itaque
254 652 283 705 et
313 646 458 704 maximus
488 649 541 716 est,
575 645 649 720 quod
675 650 735 703 tam
755 645 842 719 longe
863 664 881 702 a
902 645 1070 720 cognitione
1092 647 1203 706 Primae

125 729 227 787 Causae
259 731 289 785 et
320 726 441 801 originis
471 725 598 784 omnium
625 745 721 784 rerum
743 724 915 784 aberrarint.
938 725 1101 799 Secundae,
1126 729 1202 803 quod

126 827 225 867 veram
247 811 381 865 naturam
402 807 536 864 humanae
557 805 664 864 Mentis
685 824 745 864 non
766 804 965 880 cognoverint.
980 805 1112 880 Tertius,
1126 809 1201 885 quod

124 907 223 946 veram
255 906 370 945 causam
401 885 516 945 Erroris
546 905 693 961 nunquam
721 885 845 944 assecuti
866 885 933 944 sint.
956 886 1089 956 Quorum
1112 888 1200 946 trium

124 987 210 1043 quam
252 965 378 1024 maxime
411 965 574 1025 necessaria
606 966 644 1024 sit
674 985 745 1024 vera
776 964 911 1041 cognitio,
943 970 1060 1024 tantum
1091 970 1133 1026 ab
1167 968 1202 1026 iis

124 1049 287 1123 ignoratur,
317 1046 366 1122 qui
387 1046 465 1106 omni
485 1046 581 1105 studio
603 1050 633 1104 et
654 1045 804 1121 disciplina
824 1065 943 1121 prorsus
964 1046 1099 1105 destituti
1122 1053 1200 1108 sunt.

125 1127 207 1198 Quod
239 1132 336 1186 autem
369 1146 387 1184 a
418 1125 582 1202 cognitione
613 1125 714 1201 primae
746 1126 856 1198 Causae,
882 1131 912 1184 et
932 1127 1068 1186 humanae
1089 1128 1202 1186 Mentis

125 1208 337 1277 aberraverint,
369 1207 453 1265 facile
485 1205 630 1282 colligitur
655 1225 693 1264 ex
713 1205 838 1264 veritate
859 1206 946 1264 trium
967 1207 1200 1282 propositionum

124 1309 212 1364 supra
223 1291 461 1347 memoratarum:
475 1307 564 1362 quare
575 1287 612 1344 ad
625 1287 716 1344 solum
723 1287 840 1344 tertium
851 1306 977 1345 errorem
985 1288 1198 1347 ostendendum

125 1389 170 1427 me
192 1373 339 1427 converto.
361 1368 406 1426 De
425 1369 542 1426 Bacone
562 1386 663 1442 perum
686 1366 789 1438 dicam,
811 1367 861 1442 qui
882 1367 918 1425 de
933 1368 988 1425 hac
999 1386 1031 1426 re
1042 1368 1199 1427 admodum

125 1450 244 1508 confuse
264 1447 400 1524 loquitur,
423 1452 452 1506 et
472 1448 533 1506 fere
555 1447 626 1505 nihil
646 1449 760 1522 probat,
782 1447 831 1504 sed
853 1452 968 1505 tantum
989 1453 1101 1507 narrat.
1124 1449 1199 1507 Nam

124 1529 217 1604 primo
257 1527 402 1603 supponit,
438 1527 513 1603 qued
545 1527 708 1586 intellectus
739 1527 882 1585 humanus
912 1531 1020 1602 praeter
1050 1528 1197 1586 fallaciam

125 1627 262 1666 sensuum
295 1615 347 1665 sua
373 1607 435 1665 sole
455 1612 561 1666 natura
582 1607 700 1671 fallitur.
723 1607 877 1682 omniaque
896 1607 982 1682 fingit
1002 1623 1046 1665 ex
1061 1608 1199 1684 analogia

125 1709 184 1747 suae
216 1692 341 1759 naturae,
373 1691 402 1745 et
434 1707 492 1745 non
517 1707 555 1746 ex
576 1687 711 1763 analogia
731 1687 876 1759 universi3
899 1688 970 1746 adeo
991 1692 1024 1746 ut
1045 1687 1084 1746 sit
1104 1687 1200 1747 instar

103 1835 106 1840 ¹
126 1768 235 1844 speculi
265 1767 418 1842 inaequalis
449 1768 486 1825 ad
508 1768 604 1826 radios
625 1787 731 1837 rerum,
753 1767 801 1842 qui
823 1787 905 1826 suam
925 1772 1060 1826 naturam
1082 1773 1198 1827 naturae

126 1868 222 1906 rerum
243 1847 393 1919 immiscet,
416 1852 470 1906 etc.
494 1848 634 1922 Secundo,
657 1847 733 1923 quod
754 1848 918 1914 intellectus
938 1849 1083 1906 humanus
1104 1848 1198 1908 fertur

126 1929 161 1987 ad
195 1931 343 1987 abstracta
373 1933 493 2003 propter
521 1933 656 1986 naturam
676 1927 832 2003 propriam,
855 1932 942 2004 atque
964 1947 1007 1999 ea,
1029 1948 1095 2003 quse
1117 1929 1198 1988 fluxa

126 2014 202 2081 sunt,
226 2008 311 2083 fingit
332 2028 395 2066 esse
417 2008 590 2080 constantia,
604 2013 659 2067 etc.
671 2008 777 2081 Tertio,
790 2009 864 2082 quod
876 2008 1039 2066 intellectus
1053 2008 1199 2068 humanus

126 2089 241 2165 gliscat,
263 2108 356 2164 neque
377 2089 535 2148 consistere
557 2094 608 2148 aut
628 2088 810 2164 acquiescere
831 2088 938 2164 possit3
960 2093 990 2146 et
1010 2108 1082 2164 quas
1103 2090 1199 2148 adhuc

126 2169 197 2233 alias
229 2190 332 2228 causas
364 2169 509 2245 adsignat,
538 2169 622 2228 facile
643 2189 741 2227 omnes
762 2169 798 2226 ad
820 2167 934 2227 unicam
956 2168 1078 2227 Centesii
1099 2169 1197 2228 reduci

125 2255 256 2326 possunt,
290 2250 399 2308 scilieet
430 2250 497 2325 quia
528 2250 664 2308 voluntas
695 2251 821 2307 humana
853 2253 898 2306 est
927 2248 1028 2320 libera,
1061 2253 1091 2307 et
1111 2249 1200 2308 latior

126 2331 284 2401 intellectu,
317 2330 380 2388 sive
411 2335 444 2388 ut
473 2330 536 2405 ipse
566 2329 750 2388 Verulamius
771 2329 859 2404 (Aph.
883 2330 943 2403 49.)
964 2328 1058 2404 magis
1079 2330 1200 2388 confuse

126 2411 262 2487 loquitur,
296 2411 364 2486 quia
395 2409 591 2468 Intellectus¹
621 2409 738 2467 luminis
770 2409 838 2467 sicci
869 2414 1001 2481 nonest,
1023 2410 1073 2467 sed
1095 2409 1202 2485 recipit

125 2491 299 2549 infusionem
321 2511 338 2547 a
361 2491 520 2550 voluntate.
544 2490 720 2561 (Notandum
742 2489 797 2560 hic,
821 2491 897 2564 quod
917 2489 1101 2548 Verulamius
1120 2510 1200 2566 saepe

126 2570 222 2645 capiat
243 2570 427 2628 intellectum
450 2590 501 2645 pro
523 2571 630 2644 Mente,
652 2570 683 2627 in
705 2590 762 2646 quo
784 2590 801 2627 a
822 2569 952 2629 (lartesio
974 2570 1090 2643 differt.)
1113 2571 1201 2628 Hanc

126 2670 195 2724 ergo
232 2669 358 2720 causam,
399 2654 521 2707 caeteras
557 2655 590 2708 ut
621 2650 728 2708 nullius
758 2650 895 2708 momenti
925 2670 1027 2725 parum
1059 2651 1200 2722 curando,

127 2730 277 2788 ostendam
299 2749 361 2787 esse
382 2730 494 2800 falsam,
517 2731 592 2805 quod
613 2735 643 2788 et
663 2730 718 2805 ipsi
738 2730 822 2788 facile
843 2730 994 2801 vidissent,
1008 2730 1092 2788 modo
1104 2735 1198 2788 atten-

126 2811 236 2868 dissent
266 2810 302 2867 ad
334 2811 398 2881 hoc,
431 2810 507 2885 quod
540 2810 648 2868 scilieet
680 2811 815 2869 voluntas
848 2810 943 2868 differt
964 2813 1001 2868 ab
1022 2810 1077 2868 hac
1098 2815 1128 2869 et
1149 2811 1202 2869 illa

126 2890 274 2962 volitione,
307 2891 406 2948 eodem
437 2891 522 2948 modo
555 2911 588 2949 ec
621 2891 722 2949 albedo
754 2893 790 2949 ab
822 2892 877 2949 hoc
908 2896 937 2948 et
968 2891 1016 2948 illo
1038 2891 1112 2960 albo,
1136 2891 1201 2949 sive

126 2970 294 3029 humanitas
315 2973 351 3028 ab
372 2972 427 3029 hoc
448 2975 478 3029 et
498 2971 547 3029 illo
568 2971 701 3043 homine3
723 2972 795 3029 adeo
816 2976 849 3029 ut
870 2990 950 3046 aeque
970 2969 1147 3045 impossibile
1160 2971 1200 3030 sit

128 3051 287 3126 concipere,
320 3051 499 3110 voluntatem
532 3071 647 3110 causam
680 3071 742 3110 esse
773 3052 860 3126 hujus
888 3071 922 3109 ac
943 3050 1019 3110 illius
1040 3050 1199 3119 celidonis,

126 3137 215 3207 atque
247 3133 458 3190 humanitatem
490 3152 552 3190 esse
584 3152 700 3190 causam
731 3131 812 3190 Petri
844 3136 873 3189 et
900 3131 992 3190 Pauli.
1015 3131 1086 3189 (lum
1106 3130 1203 3206 igitur

126 3213 261 3270 voluntas
281 3232 340 3269 non
361 3212 399 3270 sit
420 3212 477 3270 nisi
497 3232 549 3270 ens
570 3212 699 3283 rationis
722 3216 751 3269 91
772 3231 953 3287 nequaquam
975 3211 1096 3269 dicenda
1108 3231 1201 3270 causa

125 3293 212 3367 hujus
243 3297 272 3350 et
302 3292 379 3350 illius
411 3292 567 3364 volitioniS,
600 3297 630 3350 et
661 3291 851 3367 particulares
882 3292 1044 3362 volitiones,
1066 3291 1142 3365 quia,
1165 3297 1202 3350 ut

126 3372 262 3442 existant,
296 3377 383 3447 egent
415 3393 510 3445 eausa,
543 3392 601 3430 non
624 3372 735 3448 possint
758 3372 813 3430 dici
833 3372 939 3443 liberae,
961 3373 1011 3430 sed
1033 3372 1199 3430 necessario

125 3452 184 3509 sint
216 3453 298 3523 tales,
330 3453 430 3528 quales
461 3473 478 3510 a
509 3453 569 3511 suis
601 3452 696 3510 causis
727 3452 973 3523 determinantem
1006 3457 1036 3510 et
1063 3452 1200 3527 denique,

160 3660 167 3684 ¹
184 3656 250 3702 Vide
268 3656 405 3702 Verulamii
422 3658 520 3704 Novum
540 3658 669 3715 Organnm
687 3657 731 3703 lib.
750 3658 771 3703 l.
788 3658 941 3717 Aphorismo
959 3658 997 3704 la.
1015 3657 1201 3716 [„Intellectus

125 3719 381 3838 {filnffiiqdlmims
408 3721 470 3765 sicci
496 3734 547 3765 non
573 3725 620 3778 est,
646 3721 692 3766 sed
708 3721 801 3779 recipit
818 3721 972 3766 infusionem
991 3734 1005 3766 a
1021 3721 1155 3766 voluntate
1172 3727 1202 3767 et
