2662 4298
421 352 736 393 rnnonoe1co·1>on1rrcr
756 355 820 395 cnr.
835 355 910 395 xvn.
1154 340 1209 399 141

139 520 271 596 conjicio,
295 520 379 595 quod,
402 520 633 596 quandoquidem
655 540 836 597 unaquaeque
856 523 950 582 tribus
969 522 1000 581 in
1010 523 1135 583 familias
1145 531 1209 585 erat

138 601 242 672 divisa,
267 620 388 675 quarum
409 600 506 676 capita
527 620 564 658 ex
586 600 748 660 senioribus
768 601 883 662 familiae
902 601 1093 678 eligebantur,
1116 622 1153 663 ex
1163 606 1209 666 his

138 681 187 756 qui
219 681 316 740 senior
348 685 420 752 erat,
440 681 503 738 loco
524 680 663 757 principis
681 681 747 757 jure
768 683 949 741 succedebat.
971 684 1018 742 Ex
1040 684 1207 746 Senioribus

137 761 214 820 enim
245 762 342 819 Moses
375 761 562 837 septuaginta
590 761 782 837 coadjutores,
804 762 853 838 qui
874 782 938 821 cum
959 763 1022 840 ipso
1043 784 1207 840 supremum

137 841 290 900 concilium
322 842 496 912 formabant,
528 841 630 916 elegit3
663 841 713 918 qui
744 847 954 918 postmortem
975 845 1074 903 Josuae
1095 845 1207 922 imperii

136 921 417 980 administrationem
448 922 622 992 habuerunt,
656 922 746 980 Senes
776 923 807 981 in
828 922 978 999 Scriptura
998 931 1157 997 vocantur3
1179 932 1209 986 et

136 1002 260 1077 denique
281 1001 358 1077 apud
380 1003 518 1061 Hebraeos
538 1001 610 1060 nibil
632 1002 822 1078 frequentius,
845 1023 932 1078 quam
954 1024 1006 1080 per
1027 1005 1116 1066 Senes
1134 1007 1208 1081 judi·

135 1101 184 1140 ces
204 1081 378 1156 intelligere,
401 1082 477 1158 quod
498 1081 630 1141 omnibus
651 1087 752 1141 notum
774 1082 917 1142 existimo.
940 1084 995 1143 Sed
1017 1086 1054 1143 ad
1075 1091 1207 1145 nostrum

133 1161 316 1238 propositum
346 1181 450 1238 parum
482 1163 572 1221 refert
592 1163 648 1221 hoc
669 1168 748 1222 certo
770 1163 864 1235 scire;
887 1164 993 1223 sufficit
1014 1166 1089 1240 quod
1111 1171 1207 1225 osten-

134 1243 236 1313 derim,
268 1242 411 1300 neminem
442 1247 651 1318 postmortem
672 1243 763 1301 Mosis
784 1243 880 1302 omnia
902 1245 1004 1302 summi
1025 1245 1207 1320 imperatoris

134 1322 231 1381 officia
250 1322 403 1381 habuisse:
425 1342 502 1395 nam,
525 1323 754 1398 quandoquidem
776 1323 873 1382 omnia
894 1343 952 1382 non
973 1327 1009 1383 ab
1031 1325 1116 1384 unius
1140 1326 1205 1400 viri,

133 1422 229 1478 neque
249 1402 335 1461 unius
355 1403 478 1476 concilii,
499 1422 592 1478 neque
613 1404 712 1479 populi
733 1404 849 1462 decreto
870 1405 1044 1479 pendebant,
1067 1406 1117 1464 sed
1129 1426 1205 1481 quac-

133 1484 201 1542 dam
233 1485 270 1541 ab
291 1502 350 1541 una
370 1483 458 1554 tribu,
480 1483 536 1541 alia
558 1503 575 1542 a
595 1484 714 1559 reliquis
736 1483 840 1560 aequali
861 1484 1011 1560 utriusque
1030 1485 1095 1561 jure
1117 1487 1205 1545 admi-

134 1563 347 1635 nistrabantur,
380 1563 511 1639 sequitur
537 1563 760 1635 evidentissime,
782 1563 934 1640 imperium
956 1567 992 1624 ab
1013 1565 1094 1625 obitu
1114 1567 1205 1626 Mosis

132 1663 228 1718 neque
248 1643 464 1702 monarchicum
484 1663 577 1719 neque
598 1644 829 1704 aristocraticum
850 1664 943 1720 neque
964 1647 1102 1721 populare
1123 1666 1203 1706 man-

132 1723 215 1795 sisse,
248 1724 307 1794 sed,
339 1723 383 1782 uti
414 1723 548 1795 diximus,
582 1725 812 1784 Theocraticum.
834 1725 857 1784 I.
881 1725 948 1800 quia
968 1726 1081 1802 imperii
1103 1727 1204 1786 domus

131 1803 215 1880 regia
236 1804 375 1879 templum
396 1808 467 1875 erat,
489 1808 519 1862 et
539 1804 601 1863 sola
621 1805 684 1881 ejus
704 1805 826 1879 ratione,
848 1810 882 1864 ut
901 1806 1091 1878 ostendimus,
1103 1826 1203 1867 omnes

131 1883 227 1943 tribus
269 1884 402 1943 concives
433 1888 525 1944 erant.
558 1885 598 1944 ΙΙ.
631 1884 698 1960 quia
728 1905 827 1944 omnes
858 1885 937 1944 cives
967 1886 997 1944 in
1028 1887 1113 1945 fidem
1148 1888 1203 1947 Dei

131 1963 260 2040 supremi
292 1964 337 2023 sui
355 1964 460 2040 judicis
478 1965 577 2040 jurare
599 1966 751 2037 debebant,
774 1965 820 2024 cui
841 1965 894 2023 soli
914 1965 944 2024 in
965 1967 1098 2026 omnibus
1119 1970 1202 2026 abso·

129 2045 192 2103 lute
224 2044 341 2104 obedire
371 2044 573 2120 promiserant.
604 2045 643 2104 Et
676 2045 799 2121 denique
829 2045 897 2120 quia
917 2065 1046 2104 summus
1076 2047 1202 2106 omnium

130 2125 298 2200 imperator,
331 2125 445 2200 quando
477 2145 510 2184 eo
542 2145 614 2201 opus
645 2130 717 2198 erat,
750 2145 768 2184 a
798 2125 914 2184 nemine
944 2126 1000 2184 nisi
1021 2127 1119 2185 aeolo
1140 2129 1201 2186 Deo

131 2205 303 2279 eligebatur.
336 2205 419 2274 Quod
450 2207 547 2264 Moses
573 2205 688 2264 nomine
709 2205 762 2264 Dei
787 2206 893 2281 populo
915 2225 1051 2281 expresse
1070 2207 1202 2282 praedicit

131 2286 252 2344 Denter.
275 2304 337 2360 cap.
361 2285 408 2344 18.
430 2288 446 2321 *
467 2305 543 2344 vers.
567 2287 624 2356 15,
647 2290 676 2344 et
696 2305 728 2344 re
748 2285 812 2361 ipsa
833 2285 934 2344 electio
956 2285 1100 2358 Gideonis,
1124 2287 1201 2345 Sam·

130 2365 219 2437 sonis,
252 2370 282 2424 et
313 2364 453 2424 Samuelis
483 2370 624 2436 testatum
657 2385 745 2442 quare
766 2385 824 2425 non
846 2366 1043 2437 dubitandum,
1066 2367 1134 2442 quin
1155 2387 1201 2446 re-

130 2445 201 2520 liqui
232 2446 331 2504 fideles
363 2447 451 2505 duces
474 2445 560 2505 simili
580 2446 668 2504 etiam
689 2447 774 2504 modo
796 2446 879 2504 electi
900 2447 1017 2517 fuerint,
1039 2447 1094 2505 etsi
1114 2447 1143 2506 id
1165 2468 1202 2506 ex

130 2545 231 2585 eorum
253 2525 375 2584 historia
395 2546 453 2584 non
475 2531 596 2585 constet.

171 2605 227 2664 His
257 2605 368 2681 positis,
400 2611 513 2681 tempus
545 2611 590 2665 est
621 2611 654 2665 ut
685 2605 844 2676 videamus,
876 2613 1015 2684 quantum
1041 2609 1106 2667 haec
1126 2609 1201 2667 ratio

129 2685 244 2761 imperii
274 2686 468 2745 constituendi
499 2685 611 2745 animos
638 2687 783 2746 moderari
802 2693 928 2763 poterat,
950 2693 1060 2747 ettam
1082 2688 1201 2765 eosqui

129 2768 273 2840 regebant
307 2786 392 2842 quam
431 2766 480 2843 qui
510 2770 689 2841 regebantur
719 2769 762 2826 ita
794 2768 950 2840 continere,
983 2775 1016 2828 ut
1045 2789 1139 2846 neque
1170 2769 1201 2828 hi

128 2847 261 2918 rebelles,
283 2866 377 2921 neque
397 2846 438 2904 illi
459 2848 589 2922 Tyranni
610 2848 723 2906 fierent.

171 2926 227 2995 Qui
267 2926 419 3002 imperium
456 2927 669 2999 administrant,
702 2928 749 2986 vel
781 2927 830 3003 qui
860 2926 889 2985 id
921 2933 1031 2998 tenent,
1064 2928 1199 3004 quicquid

127 3005 267 3065 facinoris
298 3007 490 3077 committunt,
520 3007 550 3065 id
581 3028 694 3083 semper
726 3007 821 3082 specie
850 3007 924 3082 juris
958 3008 1138 3079 adumbrare,
1170 3015 1199 3067 et

126 3087 234 3162 populo
255 3086 283 3145 id
306 3107 325 3146 a
344 3106 376 3146 se
396 3087 518 3146 honeste
538 3088 646 3146 factum
668 3088 843 3163 persuadere
864 3087 996 3158 student;
1017 3089 1092 3162 quod
1115 3087 1199 3146 facile

127 3167 217 3225 etiarn
249 3167 389 3238 obtinent,
422 3168 538 3246 quando
569 3172 633 3226 tota
661 3167 735 3244 juris
764 3166 967 3242 interpretatio
998 3169 1034 3225 ab
1065 3167 1101 3225 iis
1131 3167 1199 3225 solis

127 3247 245 3322 pendet.
266 3247 341 3306 Nam
362 3267 420 3306 non
441 3247 558 3306 dubium
580 3253 633 3319 est,
656 3248 726 3324 quin
748 3267 782 3305 eo
803 3247 867 3322 ipso
886 3247 1039 3305 maximam
1054 3247 1198 3305 adomnia

126 3347 193 3402 quae
227 3327 339 3399 volunt,
367 3332 515 3387 eteorum
537 3328 683 3403 appetitus
704 3328 815 3399 suadet,
837 3327 1000 3385 libertatem
1021 3330 1146 3396 sumant,
1168 3331 1198 3384 et

126 3411 231 3466 contra
261 3427 398 3481 magnam
429 3408 530 3467 iisdem
558 3408 653 3481 adimi,
676 3408 701 3466 si
720 3409 768 3484 jus
788 3409 869 3482 leges
889 3406 1100 3481 interpretandi
1121 3407 1196 3481 apud

126 3487 216 3546 alium
238 3487 284 3560 sit,
307 3492 337 3546 et
357 3488 442 3547 simul
463 3488 487 3546 si
507 3508 578 3547 vera
599 3489 755 3547 earundem
776 3487 979 3563 interpretatio
1000 3485 1132 3544 omnibus
1155 3485 1197 3544 ita

126 3572 238 3643 pateat,
261 3572 294 3625 ut
315 3587 399 3626 nemo
420 3569 455 3627 de
476 3570 576 3627 eadem
594 3569 727 3627 dubitare
748 3568 848 3643 possit.
870 3568 916 3625 Ex
937 3586 992 3641 quo
1013 3565 1197 3625 manifestum

126 3649 171 3718 fit,
193 3667 330 3722 magnam
351 3649 542 3708 Hebraeorum
564 3648 741 3724 principibus
755 3667 871 3706 causam
882 3647 1042 3705 facinorum
1053 3645 1195 3704 sublatam

161 3828 170 3847 '
187 3827 234 3872 Ed.
252 3827 304 3871 Pr.:
324 3827 359 3871 19.
