2662 4298
529 358 668 398 arrsrona
694 358 794 397 nmv.
1139 343 1198 399 413

127 547 226 585 earum
254 525 285 583 in
306 525 427 601 Scriptis
447 525 506 583 tuis
526 524 692 600 opinionum
714 523 935 598 enarrationem,
958 545 1023 601 quae
1045 526 1201 601 Religiosae

128 605 364 682 virtutispraxin
385 605 547 664 convellere
569 605 739 664 Lectoribns
759 605 817 663 tuis
838 606 1001 664 videantur.
1021 606 1122 665 Dicam
1133 608 1201 682 quid

128 687 166 746 sit
197 687 248 758 rei,
281 687 356 761 quod
377 685 558 761 potissimum
579 705 629 743 eos
649 685 804 744 excruciet.
826 687 957 744 Fatalem
977 687 1085 745 videris
1105 707 1201 746 rerum

128 773 159 825 et
180 766 326 825 actionum
347 765 473 824 omnium
494 765 695 824 necessitatem
716 766 882 824 adstruere:
905 766 986 841 atqui
1006 766 1055 825 illa
1065 776 1202 826 concessa

128 852 308 922 assertaque,
339 846 437 921 legum
464 846 599 918 omnium,
632 845 725 904 omnis
754 845 873 905 virtutis
897 850 926 904 et
947 847 1095 922 religionis
1115 848 1202 906 incidi

128 947 243 998 nervos,
276 945 433 1002 omnesque
463 926 711 984 remunerationes
732 931 762 984 et
781 946 883 1002 poenas
903 927 1005 985 inanes
1026 947 1097 996 esse,
1119 932 1200 986 autu-

128 1012 218 1066 mant.
253 1006 394 1082 Quicquid
425 1006 512 1081 cogit,
544 1007 591 1064 vel
614 1006 815 1065 necessitatem
836 1007 933 1077 infert,
956 1027 1095 1066 excusare
1115 1007 1201 1066 iidem

128 1087 326 1146 arbitrantur:
358 1086 535 1162 proindeque
565 1086 708 1144 neminem
738 1086 964 1145 inexcusabilem
995 1087 1026 1145 in
1056 1088 1110 1145 Dei
1136 1108 1200 1146 con·

128 1173 230 1242 spectu
260 1167 323 1225 fore
354 1171 482 1225 censent.
516 1166 545 1225 si
570 1167 638 1225 fatis
658 1186 789 1241 agamur,
812 1168 940 1242 duraque
960 1169 1093 1225 revoluta
1113 1188 1202 1226 manu

129 1247 225 1305 omnia
255 1252 335 1305 certo
366 1252 396 1305 et
425 1246 586 1305 inevitabili
618 1247 733 1305 tramite
764 1248 884 1318 vadunt,
906 1247 970 1323 quis
990 1249 1081 1323 culpae
1102 1268 1201 1323 poena·

128 1347 248 1402 rumque
280 1327 318 1385 sit
348 1327 436 1398 locus,
467 1327 509 1385 illi
541 1327 674 1403 equidem
705 1347 764 1385 non
795 1333 996 1403 assequuntur.
1029 1328 1100 1398 Quis
1135 1328 1201 1387 huic

128 1408 203 1466 nodo
235 1407 365 1465 adhiberi
389 1407 482 1483 possit
503 1427 620 1480 cuneus,
642 1426 781 1482 perquam
802 1409 893 1466 ardua
914 1428 961 1466 res
982 1407 1060 1466 dictu
1081 1413 1134 1466 est.
1157 1409 1201 1467 Tu

129 1487 196 1563 qnid
228 1487 291 1562 opis
322 1488 398 1546 hanc
427 1487 457 1545 in
488 1507 549 1551 rem
580 1487 766 1563 suppeditare
797 1508 905 1563 posses,
940 1487 1013 1546 scire
1041 1494 1070 1546 et
1091 1489 1200 1547 discere

128 1567 276 1643 pervelim.
779 1610 781 1615 -

168 1649 215 1706 Ad
246 1647 419 1706 sententiam
450 1648 529 1706 illam
550 1654 640 1718 tuam,
662 1667 749 1722 quam
771 1648 806 1706 de
827 1647 921 1706 tribus
942 1648 1094 1723 capitibus,
1116 1669 1134 1706 a
1154 1669 1200 1708 me
1238 1688 1251 1709 .

128 1728 246 1798 notatis,
274 1727 386 1803 aperire
407 1728 477 1786 mihi
498 1728 636 1804 dignaris,
658 1728 723 1786 haec
743 1727 916 1803 inquirenda
937 1731 1070 1788 subeunt.
1092 1729 1199 1800 Primo,

129 1828 252 1884 quonam
268 1828 361 1879 ,sensu
382 1810 532 1867 Miraculo
553 1815 578 1866 et
600 1809 799 1884 [querentium
822 1828 875 1884 pro
887 1809 1063 1885 Synonymis
1074 1813 1103 1867 et
1114 1809 1200 1884 eequi-

128 1887 303 1964 pollentibus
335 1889 451 1953 habeas,
484 1895 517 1947 ut
544 1889 575 1947 in
595 1887 759 1946 novissimis
779 1888 838 1946 tuis
859 1888 967 1947 sentire
987 1889 1113 1960 videris;
1136 1909 1200 1948 cum

128 1968 232 2027 Lazari
253 1988 271 2026 a
292 1968 414 2027 mortuis
434 1968 617 2027 resuscitatio
638 1972 668 2026 et
688 1969 760 2026 Jesu
781 1968 889 2026 Christi
911 1989 928 2026 a
949 1974 1042 2027 morte
1053 1989 1199 2028 resurrec-

129 2050 169 2108 tio
190 2068 304 2107 omnem
327 2049 445 2107 Naturae
467 2054 572 2108 creatae
594 2048 653 2106 vim
674 2067 820 2122 superare,
833 2054 863 2106 et
876 2048 930 2106 soli
941 2049 1080 2124 potentiae
1092 2049 1198 2108 divinae

128 2133 291 2204 competere
321 2129 463 2199 videatur,
496 2148 590 2206 neque
621 2128 650 2186 id
674 2127 869 2202 ignorantiam
891 2129 1062 2204 culpabilem
1083 2134 1197 2204 arguat,

128 2210 204 2284 quod
224 2208 425 2284 intelligentiae
447 2209 546 2279 finitae,
569 2208 712 2284 certisque
733 2209 881 2283 repagulis
902 2209 1076 2280 constrictae,
1094 2209 1199 2268 limites

128 2290 251 2348 excedat
271 2309 421 2348 necessum
442 2295 495 2349 est.
528 2292 577 2348 An
598 2309 656 2348 non
677 2288 832 2347 convenire
854 2309 954 2348 censes
975 2294 1091 2359 creatae,
1106 2290 1199 2347 Menti

128 2375 158 2428 et
178 2369 317 2441 scientiae,
337 2369 476 2428 increatae
498 2370 606 2429 Mentis
626 2389 660 2427 ac
671 2369 798 2444 supremi
808 2369 940 2427 Numinis
952 2371 1039 2428 talem
1050 2370 1199 2428 scientiam

127 2449 343 2525 potentiamque
375 2469 543 2524 agnoscere,
565 2469 628 2527 quae
649 2453 805 2524 penetrare
826 2469 860 2507 ac
880 2455 1022 2525 praestaro
1041 2470 1076 2508 ea
1097 2450 1197 2525 possit,

129 2550 250 2605 quorum
281 2529 356 2588 ratio
377 2550 411 2588 ac
432 2531 534 2589 modus
555 2550 572 2589 a
593 2530 677 2589 nobis
697 2529 936 2588 homuncionibus
957 2530 1039 2589 reddi
1060 2535 1089 2589 et
1110 2530 1199 2605 expli·

129 2610 188 2668 cari
220 2615 366 2684 nequeat?
401 2611 540 2670 Homines
570 2630 678 2680 sumne,
701 2609 819 2667 humani
839 2609 912 2669 nihil
933 2631 951 2669 a
971 2611 1055 2669 nobis
1075 2610 1199 2669 alienum

129 2691 289 2748 ducendum
321 2690 445 2749 videtur.
477 2692 596 2764 Deinde,
629 2710 694 2750 cum
726 2710 829 2766 capere
861 2695 890 2749 te
926 2691 1044 2766 nequire
1069 2690 1197 2761 fatearis

126 2771 219 2828 Deum
250 2791 353 2830 revera
384 2776 519 2830 naturam
551 2774 708 2831 humanam
739 2771 937 2846 assumpsisse,
960 2791 1091 2847 quaerere
1112 2791 1149 2830 ex
1169 2777 1199 2830 te

127 2851 172 2908 fas
193 2851 241 2927 sit,
264 2852 405 2926 quomodo
425 2852 475 2910 illa
495 2853 649 2928 Euangelii
669 2851 762 2909 nostri
783 2856 813 2909 et
833 2851 971 2926 Epistolae
993 2853 1030 2908 ad
1052 2851 1199 2909 Hebraeos

126 2931 242 3006 scriptae
271 2931 349 2994 locos
369 2931 523 3006 intelligas,
546 2952 667 3008 quorum
687 2930 769 3006 prior
789 2931 924 3000 affirmat,
946 2931 1062 2989 verbam
1083 2951 1198 2989 carnem

125 3012 237 3082 factum
268 3032 332 3082 esst,
364 3012 515 3087 posterior,
548 3014 662 3071 Filium
693 3011 748 3069 Dei
779 3030 836 3068 non
867 3013 998 3086 Aapelos
1030 3013 1078 3069 scd
1106 3030 1199 3069 cerulea

126 3092 253 3150 Abrahoe
285 3096 480 3167 csacrapstase.
516 3093 554 3151 Et
585 3092 674 3150 totius
705 3090 857 3164 Euangelii
888 3096 1020 3149 tenorem
1040 3091 1070 3148 id
1090 3090 1198 3148 inferre

125 3176 233 3246 putem,
266 3172 370 3233 Filium
401 3173 454 3229 Dei
486 3172 668 3247 unigenitum
700 3167 784 3239 λόγον
817 3169 879 3246 (qui
910 3175 940 3228 et
960 3172 1048 3241 Deus,
1071 3176 1101 3228 et
1121 3171 1198 3245 apud

126 3252 219 3310 Deum
240 3253 315 3325 erat)
336 3252 367 3310 in
387 3257 493 3311 natura
514 3254 641 3311 humana
662 3271 693 3310 se
715 3251 884 3321 ostendisse,
906 3256 935 3308 et
957 3271 1009 3326 pro
1031 3250 1113 3308 nobis
1134 3270 1197 3325 pec·

125 3333 272 3391 catoribus
303 3330 477 3400 ἀντίλυτρον,
509 3331 715 3406 redemptionis
745 3330 878 3406 pretium,
900 3331 1035 3405 passione
1055 3335 1085 3388 et
1105 3336 1198 3388 morte

127 3432 180 3470 sua
201 3414 369 3472 exsolvisse.
403 3413 478 3483 Quid
499 3414 534 3472 de
555 3413 601 3471 his
621 3418 651 3471 et
671 3411 812 3470 similibus
832 3411 992 3482 dicendum,
1015 3415 1048 3469 ut
1069 3430 1122 3468 sua
1133 3430 1198 3468 con·

127 3496 185 3550 stet
215 3494 376 3568 Euangeho
407 3499 437 3552 et
468 3493 641 3553 Christianae
672 3490 825 3566 Religioni,
848 3490 894 3548 cui
915 3496 944 3549 te
965 3491 1065 3549 favere
1087 3489 1196 3566 opinor,

126 3572 244 3643 veritas,
266 3574 368 3631 lubens
389 3574 502 3632 edoceri
524 3575 635 3632 vellem.

167 3652 256 3710 Plura
286 3653 412 3712 scribere
443 3659 612 3724 statueram,
645 3653 695 3711 sed
715 3651 903 3727 interpellant
924 3650 1008 3709 amici
1029 3650 1196 3720 invisentes

127 3732 232 3808 quibus
252 3753 360 3808 negare
381 3734 571 3792 humanitatis
590 3733 684 3792 officia
705 3730 787 3790 nefas
808 3732 890 3790 duco.
922 3731 977 3789 Sed
999 3736 1028 3790 et
1049 3732 1122 3802 haec,
1135 3750 1197 3805 quae

126 3812 259 3888 congessi
291 3815 346 3872 hac
366 3814 505 3890 Epistola,
527 3813 702 3886 suffecerint,
723 3816 753 3870 et
773 3812 896 3870 fortasse
917 3811 1036 3870 taedium
1058 3810 1111 3869 tibi
1131 3809 1197 3868 Phi·
