2662 4298
541 350 682 391 nererons
710 351 784 390 xxn.
1142 330 1200 392 282

87 534 195 588 sarcre
215 534 337 590 possem,
360 517 410 574 sed
430 521 491 574 tam
512 516 603 575 multa
624 537 641 575 a
663 521 692 576 te
713 521 812 592 petere
827 535 885 574 non
901 515 1009 575 ausim:
1025 516 1202 576 solummodo

87 595 168 671 aad
195 595 391 671 praecedentia
418 615 588 672 responsum
614 601 697 656 tuum
722 596 802 655 brevi
822 600 969 672 exspecto,
991 616 1030 654 an
1050 596 1127 656 forte
1147 597 1202 656 hoo
1261 656 1267 669 x

87 676 224 753 ,pmedio
253 675 382 734 adhibito
410 677 586 736 sententiam
613 681 694 736 tuam
723 676 825 735 melius
852 676 1023 752 intelligam,
1045 680 1078 735 ut
1098 681 1200 752 postea

87 765 113 837 :ss
129 755 167 814 de
195 756 250 814 hac
272 775 303 813 re
325 776 421 814 coram
442 760 537 815 tecum
558 757 690 832 pluribus
710 776 836 832 agerem.
858 756 916 816 Ubi
936 755 1011 815 enim
1032 760 1114 815 tuum
1134 776 1200 816 nao-

102 848 115 919 ’ΖΙ
129 839 180 894 tus
214 836 295 895 fuero
327 856 505 912 responsum,
537 837 666 914 Leydam
696 837 853 913 profectus,
887 836 912 895 si
942 841 1059 912 gratum
1090 836 1137 908 sit,
1171 837 1203 896 in

130 915 259 975 transitu
279 920 308 974 te
329 917 470 976 salutabo
492 917 546 976 His
566 917 662 990 nixue,
685 917 748 977 dico
767 937 805 976 ex
818 916 923 989 animo,
939 916 993 976 tibi
1006 917 1099 975 salute
1114 916 1200 988 diota,

89 1049 103 1061 „
130 1015 178 1054 me
199 1015 316 1054 manere

456 1104 528 1163 Tibi·
540 1105 770 1163 addictissimum
791 1111 875 1180 ntqne
899 1104 1143 1180 officiosissimam

87 1226 94 1249 ,.
711 1183 746 1243 G.
777 1203 824 1242 nn
854 1185 1159 1243 Barnunnnae.

163 1264 173 1283 ”
189 1263 315 1308 Dordraoi
334 1263 369 1310 19.
387 1264 461 1310 Febr.
481 1263 549 1310 1665.

162 1352 190 1397 Ρ.
207 1353 231 1398 S.
263 1352 347 1398 Nimia
372 1353 537 1398 festinatione
561 1353 628 1398 hanc
647 1353 760 1399 inserere
779 1353 945 1411 questionem
962 1351 1058 1398 oblitus
1076 1364 1150 1399 snm:
1170 1365 1202 1397 an

129 1414 200 1472 quod
218 1414 281 1460 alias
298 1415 372 1460 nobis
390 1416 512 1472 eveniret,
528 1415 666 1474 prudentia
682 1419 772 1462 nostra
789 1428 839 1460 non
856 1415 981 1474 impedire
990 1421 1130 1472 ‘queamus
1216 1442 1224 1465 ,

384 1735 600 1798 Errsronn
632 1735 734 1792 XXIII
754 1735 833 1810 (omn
848 1735 950 1808 xxm).
1018 1809 1022 1822 .

406 1866 476 1925 Viro
497 1867 669 1926 Docticsirno
689 1886 724 1926 ac
748 1867 938 1925 ornatissimo

315 1997 587 2058 GUILIELMO
615 2000 673 2058 DE
700 1997 1022 2057 BLYIINBERGH

601 2133 637 2190 B.
658 2151 687 2191 n.
709 2131 738 2191 S.

443 2266 598 2341 Responsio
620 2265 660 2323 not
675 2265 893 2340 accedentem.

590 2396 693 2456 Versio
708 2399 750 2453 **.

256 2535 300 2592 Mt
320 2535 443 2592 Domine
463 2540 488 2592 et
511 2533 620 2603 Anniae,

178 2645 258 2702 Duae
285 2644 337 2700 abs
364 2644 394 2699 te
421 2641 476 2699 hac
504 2637 666 2715 septimana
692 2636 792 2712 accepi
818 2635 979 2712 Epistolas3
1001 2634 1154 2712 posterior,
1177 2637 1205 2695 9.

138 2723 239 2783 Martii
269 2725 399 2795 exarata,
430 2724 545 2778 tantum
577 2718 604 2777 ei
630 2716 817 2789 inserviebat,
846 2721 879 2777 ut
905 2736 952 2775 me
972 2717 1008 2775 de
1028 2716 1134 2792 priore,
1157 2716 1204 2775 19.

139 2802 291 2862 Februarii
311 2800 429 2877 scripta,
451 2805 481 2858 et
501 2799 571 2858 mihi
592 2798 762 2857 Sohiedamo
782 2797 879 2869 missa,
898 2796 1049 2856 certiorem
1063 2797 1205 2855 redderet.

138 2885 175 2942 In
195 2884 251 2941 hac
271 2881 366 2956 priore
386 2884 416 2938 te
437 2881 473 2938 de
492 2899 526 2938 eo
548 2877 629 2954 queri
649 2877 742 2949 video,
764 2877 841 2954 quod
856 2876 987 2947 dixerim,
1002 2879 1111 2936 nnttorn
1126 2879 1208 2952 apud

141 2971 166 3021 te
187 2964 454 3020 demonstrationem
475 2960 567 3017 locam
586 2960 689 3017 habene
706 2977 796 3034 pocae,
818 2965 877 3029 eta,
899 2957 983 3034 quasi
995 2956 1066 3015 illud
1078 2976 1207 3015 mearum

140 3041 286 3100 rationum
313 3043 456 3115 respectu,
478 3038 546 3114 quia
566 3037 665 3096 statim
686 3037 739 3097 tibi
760 3058 819 3097 non
838 3038 971 3097 fecerunt
991 3036 1072 3108 satie,
1094 3036 1208 3095 locutus

140 3121 253 3195 fuerim,
283 3119 360 3196 quod
386 3139 404 3177 a
430 3123 527 3177 mente
551 3137 616 3177 mea
642 3118 729 3194 longe
756 3120 854 3177 abest:
882 3116 1070 3194 respiciebam
1090 3115 1207 3193 propria
1303 3163 1308 3174 .

141 3207 192 3260 tua
213 3203 312 3272 verba,
335 3219 400 3276 quae
421 3199 463 3257 sio
483 3199 606 3258 habent:
628 3199 667 3257 m
686 3201 713 3257 ai
733 3201 849 3275 qnando
864 3205 932 3274 poet
952 3200 1096 3256 dintincnn
1116 3199 1207 3255 innes-

138 3284 304 3358 tipntionern
335 3282 481 3351 accideret,
513 3287 545 3338 ut
574 3280 720 3338 naturalia
745 3298 808 3338 mea
834 3280 951 3338 scientia
978 3280 1208 3336 vineatorem

138 3365 191 3422 too
229 3360 318 3421 Verbo
346 3362 388 3420 aet
407 3379 551 3437 pnpnare,
579 3361 621 3419 cet
641 3377 697 3418 non
718 3361 790 3417 catio
810 3359 883 3430 bone,
905 3365 964 3429 eta,
985 3359 1059 3416 illud
1085 3357 1207 3416 Verbum

169 3571 179 3590 '
213 3569 397 3628 autographon
422 3567 475 3613 haee
499 3564 591 3612 habet:
616 3565 704 3610 [natan
734 3563 784 3610 un.
810 3564 861 3609 niet
876 3563 954 3608 onder
969 3567 1066 3608 convert
1082 3577 1128 3608 cen
1148 3577 1207 3621 myn

140 3632 246 3689 echryft,
270 3645 311 3678 eoo
336 3628 420 3688 peliett
441 3634 463 3674 te
486 3628 605 3686 ocbryoen
630 3640 677 3672 aen
696 3625 793 3671 Willem
808 3640 857 3671 nnn
873 3625 1028 3684 Btyenberph
1039 3626 1208 3684 pontpnerder

140 3693 172 3751 by
188 3694 216 3738 de
231 3698 313 3751 proote
329 3693 413 3748 kerolt,
429 3691 499 3737 dord’
517 3689 554 3736 19.
570 3688 635 3735 Feb'.
653 3687 721 3735 1665.
944 3692 946 3699 “

173 3753 197 3780 **
213 3756 362 3801 Versionem
378 3754 440 3800 fecit
456 3755 512 3812 ipae
529 3754 626 3810 auctor,
643 3763 721 3810 quare
738 3750 793 3809 ejus
810 3751 889 3798 verba
905 3750 931 3796 in
948 3750 1064 3809 margine
1075 3750 1122 3797 Ed.
1134 3750 1207 3807 Belg.

142 3817 239 3874 passim
254 3817 400 3864 laudantur.
