2662 4298
121 335 179 393 358
533 349 671 389 srrsroas
690 349 786 389 xuvrr.

121 522 261 597 ignotum,
272 518 459 579 Serenissimo
469 537 540 577 vero
549 517 677 595 Principi
685 518 1040 591 commendatissimum,
1052 520 1187 591 scribam,

122 622 157 661 ac
176 620 319 677 rogarem,
340 619 379 658 an
398 598 429 657 in
448 598 559 657 Illustri
570 618 625 657 sua
634 597 793 657 Academia
803 598 1008 659 ordinariam
1020 600 1189 677 Philosophia

123 681 332 741 l'roleseionem
368 677 514 754 suscipere
546 678 661 737 animus
689 684 776 737 esset.
808 678 1018 755 Stipendium
1051 681 1190 741 exsolrctr

123 782 259 833 annuum,
291 780 348 836 quo
378 758 516 818 ordinarii
545 758 727 817 Professores
756 758 847 817 hodie
870 760 1041 821 frumrtur.
1064 761 1130 821 Nou
1145 760 1191 820 11ιῖ

123 841 256 901 invenias
285 839 448 915 Principem
477 838 667 898 faventiorem
688 837 802 897 eximiis
821 838 975 915 ingeniis,
1000 841 1088 901 inter
1106 848 1192 918 quat

124 923 258 982 aestImat.
280 918 688 995 Philosophandi'libertatem
708 918 830 977 habebis
848 921 1096 996 amplissimam,
1116 926 1192 999 quala

125 1003 161 1061 ad
191 1000 304 1077 publice
323 999 480 1059 stabilitam
500 999 679 1075 Religionem
699 1000 947 1059 conturbandam
968 1022 1038 1062 non
1055 1002 1193 1065 ,abusurul

124 1082 224 1143 credit.
253 1082 316 1156 Ego
346 1079 550 1156 sapientissimi
580 1079 723 1156 Principis
753 1079 905 1139 mandato
942 1102 1011 1142 non
1045 1082 1131 1160 potui
1155 1101 1195 1141 rur

124 1161 328 1222 obsecundare.
350 1161 533 1235 Quapropter
552 1164 583 1219 te
602 1179 674 1235 rogo
694 1179 780 1236 quam
801 1158 1050 1236 impensissime,
1076 1169 1112 1223 ut
1123 1182 1195 1241 quau

126 1243 248 1321 primum
278 1241 350 1300 mihi
379 1240 563 1316 respondeas.
592 1245 731 1317 tuamque
761 1238 798 1298 ud
830 1259 880 1299 me
914 1243 1151 1319 responsionem
1165 1242 1196 1301 nl

127 1321 305 1383 Seroniseimi
335 1320 475 1379 Electorie
505 1320 654 1379 Residenti
680 1320 774 1395 Hagae
794 1318 926 1380 Comitis
948 1322 1009 1384 D⁰.
1033 1324 1151 1396 Grotio‚
1166 1322 1197 1383 ul

127 1402 178 1463 l)⁰.
209 1402 299 1461 Gilles
329 1401 440 1460 rander
463 1401 539 1472 Hok,
560 1399 596 1459 ad
617 1420 662 1459 me
683 1400 713 1459 in
732 1398 874 1459 fasciculo
895 1401 1082 1479 literarum,
1104 1402 1198 1482 quatu

128 1485 224 1544 aulam
252 1480 412 1541 transmitti
441 1481 543 1549 solent,
574 1482 731 1540 curandam
760 1480 872 1551 tradas,
907 1484 964 1542 vel
998 1484 1066 1545 alia
1098 1484 1198 1561 daupu

128 1563 338 1635 commoditate,
369 1582 433 1638 quae
453 1561 695 1637 opportunissima
719 1558 876 1632 ridebitur,
898 1564 1018 1624 utaris.
1044 1566 1115 1625 Hoc
1132 1583 1200 1625 uum

129 1645 213 1712 addo,
233 1648 272 1715 te,
294 1642 318 1700 si
338 1644 396 1702 huc
415 1642 524 1713 reulus,
545 1642 636 1700 vitam
646 1641 823 1717 Philosopho
835 1640 969 1717 dignam
981 1665 1058 1705 cum
1070 1646 1201 1723 voluptate

129 1728 352 1795 transactarum,
374 1722 429 1781 nisi
450 1726 558 1799 praeter
576 1742 656 1798 spem
670 1726 700 1780 et
712 1719 879 1798 opinionem
888 1730 1040 1785 nostram
1052 1726 1118 1787 alia
1127 1724 1202 1786 omnir

130 1803 270 1863 accidant.
291 1802 346 1860 His
366 1803 440 1861 Vale
460 1807 490 1861 et
510 1802 605 1871 Salve,

377 1909 430 1966 Vir
453 1908 628 1984 (licrrnirne,

455 2036 474 2073 o
495 2016 628 2074 Nominis
648 2018 692 2073 ini
711 2016 936 2074 Sindiooirsimo

562 2124 591 2182 J.
612 2122 830 2181 Luoovmo
850 2122 1110 2200 Panemo,

723 2238 800 2287 Acad.
817 2238 937 2283 Heidelb.
959 2241 1137 2303 Professora

166 2304 283 2351 Heidelb.
303 2304 330 2348 1ss
346 2303 420 2349 Febr.
439 2302 504 2347 111111.
680 2305 706 2347 61
721 2301 848 2347 Electoris
864 2300 987 2348 Palatini
1007 2305 1179 2353 ConsiIIario.

395 2623 418 2680 E
430 2642 447 2679 P
458 2642 493 2679 rs
504 2642 520 2679 r
531 2642 548 2680 o
560 2643 576 2680 1.
587 2643 607 2680 Α
628 2621 753 2679 XLVIII
775 2622 852 2694 (omn
870 2622 941 2693 mr).

403 2757 588 2831 Amplissimo
610 2757 844 2829 Nobilissirnopnc
874 2753 946 2811 l'iro

333 2886 1025 2961 D⁰.J.I.UDOVIO0FABR1T10‚

301 3024 393 3083 Aeaei.
416 3024 656 3099 Heidelberpensis
677 3022 840 3085 Professori
860 3027 885 3078 et
907 3020 1062 3084 Eiectoris

506 3106 634 3162 Palatini
658 3104 838 3172 Consiliorio,

609 3239 643 3296 B.
664 3256 693 3294 u.
716 3235 743 3294 S.
836 3250 840 3257 ·

453 3373 607 3447 Responsio
629 3373 667 3428 cd
682 3371 894 3445 procedentem.

265 3507 448 3582 Anipliasirne
475 3507 535 3577 Vir,

186 3639 216 3699 Si
236 3660 363 3716 unquam
383 3639 453 3697 mihi
475 3638 645 3699 desiderium
665 3636 768 3696 fuisset
788 3634 910 3725 alicujus
930 3633 1089 3696 facultatis
1112 3645 1227 3717 proles·

146 3722 255 3781 sionem
286 3719 467 3796 sursoipiendi,
499 3722 575 3779 hanc
594 3719 684 3778 solam
705 3721 806 3792 optare
826 3720 993 3790 polluerem,
1016 3734 1088 3790 quae
1111 3722 1228 3782 mihin

148 3799 333 3863 serenissimo
363 3801 495 3860 Elector-e
526 3798 658 3859 Palatino
689 3817 741 3873 per
772 3801 802 3855 te
834 3795 962 3864 offertur,
988 3801 1168 3869 praesertim
1190 3806 1227 3863 ob
