2662 4298
431 342 747 381 1616166166-16111161
768 342 833 382 car.
854 341 940 381 xum.
1027 337 1028 340 ’
1143 325 1201 382 153

134 508 271 566 mulieres
291 512 321 566 et
341 507 447 566 liberos
468 527 567 566 eorum
588 527 680 584 usque
701 510 736 567 ad
759 509 883 567 ducenta
903 507 993 566 millia
1006 509 1138 584 captivos
1150 508 1200 568 dir·
1235 519 1238 524 ’

133 592 214 658 cunt,
245 607 439 664 magnamque
469 590 596 664 praedam
617 588 722 647 iterum
743 588 878 664 rapiunt3
901 593 988 664 atque
1009 589 1063 658 his,
1086 594 1115 648 et
1137 591 1201 649 aliis

132 668 253 744 proeliis
286 689 349 744 quae
379 669 419 726 in'
440 669 569 727 historiis
600 668 694 727 obiter
720 674 886 739 narrantur,
908 670 1079 745 consumpti,
1101 672 1202 745 praeda
1319 693 1322 697 ⁴

132 749 253 807 tandem
274 749 405 807 hostibus
425 749 552 808 fuerunt.
574 748 686 808 Deinde
706 749 731 807 si
752 749 838 808 etiam
860 754 990 825 tempora
1005 754 1141 825 reputare
1153 770 1200 809 ve-

130 829 228 900 limus,
250 828 352 905 quibus
373 830 506 888 absoluta
526 849 598 905 pace
618 829 676 888 frui
696 829 786 901 licuit,
808 849 944 905 magnam
956 830 1132 905 reperiemus
1146 831 1199 889 dis·

131 909 325 984 crepantiam;
348 929 423 986 saepe
445 910 520 968 enim
541 915 610 968 ante
630 929 715 985 reges
735 910 939 986 quadraginta,
962 915 991 968 et
1012 912 1099 969 semel
1112 913 1199 987 (quod

130 989 212 1048 omni
241 989 375 1065 opinione
404 991 509 1066 majus)
541 990 690 1065 octoginta
718 1010 810 1049 annos
830 990 892 1049 sine
914 991 988 1048 bello
1010 996 1131 1049 externo
1153 993 1200 1050 vel

128 1069 247 1128 interno
268 1069 449 1129 concorditer
469 1074 685 1145 transegerunt.
707 1072 748 1129 At
768 1079 922 1147 postquam
942 1072 1038 1146 Reges
1048 1071 1198 1146 imperium

130 1149 232 1225 adepti
252 1155 327 1222 sunt,
350 1150 496 1226 quianon
518 1150 649 1226 amplius,
671 1156 704 1209 ut
724 1156 819 1215 antea,
842 1170 894 1226 pro
916 1170 987 1226 pace
1008 1155 1038 1209 et
1051 1151 1196 1223 libertate,

128 1231 181 1288 sed
203 1250 255 1306 pro
277 1231 369 1305 gloria
389 1233 558 1290 certandum
579 1235 650 1303 erat,
673 1251 773 1290 omnes
793 1236 899 1306 praeter
912 1250 1001 1289 unum
1016 1231 1197 1290 Salomonem

128 1310 226 1386 (cujus
255 1310 357 1384 virtus,
390 1311 532 1387 sapientia
559 1311 677 1384 scilicet,
699 1311 801 1370 melius
821 1310 851 1369 in
872 1331 942 1387 pace
964 1331 1049 1387 quam
1069 1311 1100 1368 in
1122 1313 1195 1370 bello

126 1395 264 1449 constare
284 1393 411 1466 poterat)
433 1393 507 1450 bella
528 1392 651 1467 gessisse
672 1391 809 1466 legimus3
832 1391 954 1450 accessit
975 1391 1077 1450 deinde
1091 1391 1195 1467 exitia7

125 1471 195 1529 bilis
225 1472 366 1546 regnandi
396 1471 492 1543 libido,
514 1493 577 1547 quae
597 1472 742 1548 plerisque
762 1471 819 1530 iter
839 1473 876 1530 ad
896 1491 1019 1546 regnum
1040 1473 1194 1531 admodum

124 1555 280 1610 cruentum
299 1551 377 1610 fecit.
399 1553 531 1628 Denique
551 1554 632 1628 leges
652 1554 775 1611 durante
796 1552 894 1628 populi
914 1571 1004 1626 regno
1019 1552 1194 1628 incorruptae

126 1636 307 1703 manserunt,
336 1637 366 1691 et
386 1633 567 1692 constantius
587 1635 748 1692 observatae
768 1633 894 1692 fuerunt.
917 1632 991 1690 Nam
1011 1637 1080 1691 ante
1102 1635 1196 1708 Reges

126 1711 295 1788 paucissimi
323 1713 441 1771 fuerunt
468 1714 629 1789 Prophetae,
652 1713 702 1789 qui
721 1714 857 1789 populum
869 1717 1035 1784 monerent;
1046 1718 1113 1789 post
1124 1715 1197 1772 eleo·

129 1796 193 1850 tum
225 1797 320 1850 autem
352 1794 461 1868 Regem
482 1793 619 1870 permulti
639 1793 724 1852 simul
744 1794 876 1864 fuerunt;
899 1793 1047 1852 Hobadias
1071 1814 1195 1870 namque

129 1876 246 1930 centum
278 1893 296 1931 a
326 1873 405 1932 caede
431 1873 574 1945 liberavit,
597 1893 702 1949 eosque
723 1873 912 1944 abscondidit,
934 1893 970 1932 ne
992 1893 1055 1932 cum
1077 1875 1197 1950 reliquis

130 1952 339 2012 occiderentur.
371 1954 431 2012 Nec
463 1954 593 2013 videmus
615 1955 689 2030 quod
710 1955 834 2030 populus
854 1953 921 2012 ullis
940 1953 1022 2012 falsis
1042 1954 1197 2029 Prophetis

128 2033 269 2109 deceptus
298 2033 362 2107 fuit,
395 2034 450 2092 nisi
477 2039 631 2110 postquam
659 2034 810 2109 imperium
837 2034 955 2109 regibus
976 2033 1070 2103 cessit,
1093 2034 1197 2110 quibus

130 2113 263 2189 plerique
283 2114 426 2172 assentari
446 2116 573 2173 student.
595 2115 678 2174 Adde
700 2115 775 2190 quod
790 2115 920 2190 populus,
936 2114 1018 2188 cujus
1028 2115 1197 2190 plerumque

127 2193 252 2265 animus
273 2213 326 2270 pro
340 2214 371 2253 re
392 2198 471 2265 nata,
493 2215 617 2270 magnus
637 2195 684 2253 vel
705 2194 820 2252 humilis
841 2198 894 2265 est,
915 2193 1000 2252 facile
1022 2213 1053 2252 se
1074 2193 1104 2251 111
1123 2195 1197 2252 cala·

128 2273 279 2332 mitatibus
306 2275 479 2350 corrigebat,
512 2280 541 2333 et
568 2277 605 2334 ad
626 2277 718 2333 Deum
739 2277 936 2347 convertebat,
958 2275 1094 2349 legesque
1114 2274 1196 2332 resti·

129 2355 241 2422 tuebat,
263 2359 293 2412 et
313 2356 368 2413 hoc
387 2356 471 2414 modo
493 2375 556 2414 sese
577 2355 663 2414 etiam
685 2355 764 2413 omni
783 2354 910 2430 periculo
932 2354 1117 2429 expediebat:
1131 2373 1195 2412 eon·

130 2439 180 2492 tra
210 2435 314 2509 Reges,
342 2455 463 2510 quorum
495 2435 582 2494 animi
614 2455 727 2511 semper
757 2454 838 2511 aeque
859 2434 927 2493 elati
948 2439 1025 2505 sunt,
1047 2455 1100 2493 nec
1120 2435 1198 2494 flecti

130 2516 241 2590 absque
262 2514 421 2590 ignominia
441 2521 571 2591 possunt,
593 2516 781 2592 pertinaciter
802 2515 881 2574 vitiis
901 2517 1093 2581 adhaeserunt,
1108 2535 1199 2591 usque

132 2596 171 2654 ad
189 2614 353 2670 supremum
375 2596 463 2655 Urbis
483 2597 634 2655 excidium.

168 2676 213 2734 Ex
235 2674 279 2733 his
300 2676 456 2735 clarissime
477 2677 615 2743 videmus,
637 2678 661 2735 Ι.
684 2697 770 2753 quam
791 2677 984 2753 perniciosum
1005 2683 1035 2735 et
1054 2676 1199 2750 Religioni

128 2759 158 2813 et
189 2755 366 2830 Reipublicae
398 2757 445 2826 sit,
475 2777 621 2815 sacrorum
653 2757 794 2816 ministris
816 2759 862 2833 jus
883 2757 999 2833 aliquod
1021 2756 1197 2827 decretandi,

131 2834 179 2893 vel
198 2835 312 2911 imperii
331 2837 450 2910 negotia
471 2837 624 2907 tractandi,
647 2839 818 2908 concedere;
841 2843 871 2896 et
885 2843 986 2896 eontra
1000 2837 1096 2896 omnia
1107 2838 1198 2894 multa

128 2916 311 2974 constantius
342 2936 404 2976 sese
436 2919 551 2989 habere,
583 2918 607 2976 si
638 2918 668 2976 hi
698 2918 740 2976 ita
771 2918 983 2987 contineantur,
1008 2923 1041 2975 ut
1062 2918 1097 2974 de
1119 2918 1198 2974 nulla

130 3015 161 3054 re
192 2995 249 3054 nisi
280 2997 376 3071 rogati
410 3000 612 3074 respondeant,
645 3003 674 3056 et
705 3003 738 3055 111
758 2997 874 3055 1111611111
894 3002 1012 3072 recepta
1032 3002 1146 3054 tantum
1168 3002 1197 3054 et

131 3076 257 3135 maxime
278 3076 386 3135 usitata
407 3079 529 3136 doceant
550 3082 770 3153 exerceantque.
792 3078 831 3135 ΙΙ.
854 3097 938 3151 quam
953 3077 1143 3152 periculosum
1159 3076 1196 3134 sit

131 3157 166 3214 ad
196 3157 246 3233 jus
277 3157 405 3215 divinum
436 3160 544 3217 referre
576 3179 623 3217 res
653 3178 730 3216 mere
759 3156 961 3233 speculativas,
994 3158 1129 3231 legesque
1161 3156 1196 3213 de
1287 3208 1291 3215 .

130 3236 313 3312 opinionibus
345 3239 477 3310 condere,
509 3240 544 3297 de
577 3239 680 3315 quibus
711 3238 841 3296 homines
866 3237 1014 3312 disputare
1036 3237 1128 3293 solent
1149 3236 1196 3292 vel

128 3322 266 3392 possunt3
298 3317 337 3376 ibi
368 3319 443 3376 enim
474 3319 680 3378 violentissime
710 3324 858 3394 regnatur,
880 3317 930 3374 ubi
950 3316 1107 3391 opiniones,
1130 3334 1194 3389 quae

131 3397 356 3474 uniuscujusque
374 3399 448 3474 juris
472 3404 547 3468 sunt,
571 3419 626 3474 quo
647 3419 731 3458 nemo
752 3399 853 3457 cedere
874 3402 979 3473 potest,
1002 3415 1053 3471 pro
1077 3394 1196 3453 crimine

128 3477 287 3549 habentur3
318 3478 374 3536 imo
406 3480 497 3555 plebis
527 3480 579 3549 ira,
611 3480 660 3537 ubi
682 3482 736 3538 hoc
756 3480 798 3548 fit,
820 3477 944 3536 maxime
966 3496 1089 3551 regnare
1110 3476 1191 3534 solet.

128 3557 240 3617 Pilatus
260 3578 392 3633 namque,
414 3564 446 3618 ut
462 3560 673 3618 Pharisaeorum
690 3560 740 3618 irae
752 3559 930 3627 concederet,
942 3557 1096 3624 Christum,
1110 3575 1195 3630 quem

128 3637 310 3697 innocentem
347 3646 478 3709 noverat,
511 3641 679 3715 crucifigere
709 3640 803 3715 jussit.
836 3638 955 3707 Deinde,
989 3641 1021 3695 ut
1053 3636 1195 3695 Pharisaei

129 3718 247 3777 ditiores
268 3739 285 3777 a
306 3720 365 3777 suis
387 3720 577 3795 dignitatibus
597 3722 793 3790 deturbarent,
809 3718 983 3794 quaestiones
997 3716 1194 3791 deReligione

129 3817 244 3858 movere
265 3806 424 3875 coeperunt,
447 3806 476 3858 et
497 3802 669 3860 Tsaducaeos
689 3800 846 3876 impietatis
867 3818 1019 3869 accusare;
1041 3803 1070 3857 et
1091 3798 1194 3855 adhoc
