2662 4298
125 156 184 215 232
552 175 691 215 ararem
711 176 771 218 xn.

127 344 347 421 perrumpenda,
370 349 399 401 et
420 344 547 402 absurda
566 344 654 402 etiam
675 345 910 407 absurdissima
934 350 1174 410 admittendala

126 444 192 483 cum
220 424 311 483 multa
332 424 399 493 sint,
421 443 485 499 qua·
505 444 686 499 nequaquam
708 424 962 501 imaginatione,
985 432 1041 491 sed
1060 432 1115 491 sole
1131 430 1176 489 lm

127 506 203 563 lectu
234 504 348 580 assequi
379 524 540 580 possumus,
569 504 665 580 qualia
683 508 755 563 sunt
777 505 986 581 Substantia,
1008 512 1176 581 AEternibse

126 585 199 649 alia:
233 585 256 641 si
285 584 350 660 quis
370 585 441 643 talia
460 584 599 661 ejusmodi
620 583 808 657 Notioaibus,
830 607 912 663 quae
936 591 1089 651 duntaxat
1105 590 1178 651 lna

130 663 364 733 lraugiuationis-
379 670 456 736 sunt,
489 664 633 740 explicare
663 668 799 738 conatur,
822 667 932 729 nihilo
954 672 1029 747 plus
1048 672 1116 749 agit,
1130 690 1181 749 qui

126 743 151 801 si
180 744 229 801 det
250 764 375 819 operam,
398 750 431 803 ut
451 764 504 803 sua
524 744 731 821 imaginatione
750 744 907 807 insaniat.
933 751 1047 829 Neque
1066 750 1182 827 etiamid

127 826 305 882 Substantia
328 824 414 895 llodi,
437 825 460 882 si
481 845 547 883 cum
568 824 708 900 ejusmodi
727 824 862 886 Entibns
886 829 1042 892 Rationis
1061 853 1111 892 seu
1123 830 1184 907 im&

128 903 254 961 nationis
275 904 391 963 auxiliis
411 906 634 977 confundantur,
655 924 783 981 unquam
805 912 897 967 recte
922 910 1064 989 intelligi
1081 918 1185 990 potant

129 984 150 1041 N
155 1004 200 1042 ura
220 1004 284 1042 (urm
304 985 330 1042 id
343 984 472 1055 iacimus,
489 1006 538 1043 eos
549 1006 567 1043 a
578 983 756 1057 Substantia,
767 988 799 1043 et
809 988 906 1047 modo
919 1011 989 1067 quo
1000 996 1042 1053 ab
1051 993 1186 1053 AEtemibt

128 1064 229 1133 fluunt,
251 1085 427 1141 separamus,
449 1065 511 1123 sine
532 1066 636 1141 quibus
656 1070 754 1124 tamen
774 1072 861 1125 recte
881 1067 1029 1148 intelligi
1052 1080 1179 1151 nequead

169 1146 250 1215 erad
284 1152 314 1203 ut
344 1145 438 1203 adhue
457 1145 564 1205 clarius
584 1146 692 1217 videas,
714 1164 786 1221 cape
805 1146 867 1205 hoe
889 1154 1092 1230 exemplum
1110 1170 1188 1229 nenpt

128 1226 176 1284 ubi
197 1225 261 1301 quis
284 1225 470 1283 lunationem
491 1228 638 1284 abstracte
660 1224 834 1300 conceperit,
850 1247 991 1307 eamque
1002 1254 1074 1293 cnm
1084 1236 1188 1311 Tam

126 1306 328 1364 ‹mil'umlemlo
360 1305 389 1363 in
421 1310 521 1381 partes
541 1305 670 1364 dividere
689 1303 841 1381 inceperit,
864 1328 1035 1388 nunquam
1055 1312 1190 1391 poteritin-

127 1384 266 1455 tclligere,
298 1405 355 1460 «pua
385 1386 498 1444 ratione
530 1386 603 1444 hora
632 1406 679 1445 ex.
702 1390 778 1461 grat.
800 1388 938 1449 transire
960 1395 1074 1468 possit.
1094 1394 1190 1454 liano

129 1466 199 1523 lmra
230 1470 369 1535 transeat,
404 1486 520 1525 necesse
551 1466 615 1537 erit,
647 1467 710 1541 ejus
737 1464 891 1526 dimidium
912 1472 1009 1546 prius
1030 1476 1190 1543 manaim

127 1552 228 1621 postea
248 1545 394 1604 dimidium
416 1545 527 1621 reliqui,
549 1552 578 1604 et
599 1545 702 1605 deinde
723 1544 883 1616 dimidium,
908 1554 997 1624 quod
1013 1551 1190 1631 hujusreliqi

124 1630 271 1701 supereum
294 1632 323 1685 at
344 1626 368 1683 si
389 1626 430 1685 sic
451 1646 536 1703 porro
557 1626 670 1685 infinite
691 1625 839 1684 dimidium
860 1646 880 1685 a
902 1630 1032 1708 reliquo
1046 1636 1188 1703 suanam

127 1726 271 1781 uuuquam
303 1707 339 1765 ud
372 1707 457 1765 finem
488 1708 566 1766 horre
598 1707 750 1781 pervenire
770 1705 889 1781 poteris.
916 1709 1027 1780 Quare
1049 1716 1141 1785 multi,
1156 1712 1191 1793 (μ’

129 1786 213 1844 ltutia
236 1786 365 1845 ltaliauis
386 1807 403 1844 u
424 1787 549 1845 realibus
570 1786 747 1861 distinguere
767 1786 878 1845 assueti
899 1808 966 1849 non
990 1800 1079 1867 sunt,
1100 1793 1192 1855 Danti

127 1885 209 1925 auem
242 1887 278 1925 ax
310 1866 462 1925 momentis
492 1867 634 1943 componi,
666 1867 729 1925 ausi
760 1871 827 1925 sunt
852 1886 1050 1947 asseverare,
1074 1882 1106 1935 et
1124 1874 1194 1935 sicii

127 1948 251 2023 tir-,yllarii
274 1946 436 2005 inciderunt
456 1947 604 2023 cupientes
625 1947 719 2005 vitare
740 1945 929 2022 Charybdim.
954 1951 1049 2013 Idem
1073 1956 1194 2023 enimet,

130 2028 315 2087 imumiauem
349 2048 385 2085 ex
415 2027 567 2086 momentis
588 2047 768 2102 componere,
790 2046 877 2102 quam
898 2027 1077 2094 Numerum
1099 2057 1137 2095 ex
1152 2035 1197 2094 seb

125 2109 289 2167 uullitutum
311 2108 465 2166 miditimre.

169 2192 265 2258 l'orm,
298 2209 362 2247 aum
384 2210 420 2246 rix
441 2188 525 2246 modo
547 2187 630 2246 dictis
651 2187 723 2245 satis
743 2191 852 2262 pateat,
873 2206 928 2246 nec
950 2189 1135 2269 Numerum,
1154 2214 1195 2254 nec

130 2272 303 2338 Murmuram,
327 2288 378 2327 uec
399 2270 532 2343 'lempna
556 2267 787 2344 quandoquidem
809 2286 867 2325 non
887 2267 944 2325 nisi
969 2274 1094 2334 auxilia
1114 2274 1199 2350 imagi-

129 2350 252 2407 uutiauis
273 2354 350 2415 suut,
372 2368 455 2423 posse
477 2369 539 2407 esse
560 2349 700 2407 infinitos:
723 2368 790 2405 nam
811 2346 882 2405 alias
892 2346 1050 2411 Numerus
1063 2360 1201 2416 noneeecl

129 2448 272 2499 nummus,
306 2448 357 2486 aee
390 2429 526 2486 Mensura
558 2449 700 2499 mensura,
733 2448 785 2486 nec
817 2429 942 2502 Tempus
967 2433 1115 2508 tempus3
1137 2437 1201 2495 Hinc

127 2510 204 2567 elima
227 2508 324 2567 videre
345 2512 397 2577 (ist,
420 2528 471 2566 cur
491 2509 583 2577 multi,
606 2509 654 2585 qui
675 2510 739 2567 haec
759 2507 816 2566 tria
837 2527 901 2565 cum
922 2509 1015 2569 rebus
1036 2513 1118 2589 ipsis
1139 2537 1199 2576 eou-

128 2591 296 2663 l'muleimut,
330 2593 481 2665 propterea
512 2590 587 2664 quod
616 2610 714 2648 veram
735 2609 830 2647 rerum
852 2592 988 2645 naturam
1010 2591 1201 2666 ignorabant,

131 2670 276 2729 luliuiium
299 2676 365 2727 ardu
387 2674 540 2745 negarunt.
563 2670 618 2727 Sed
640 2690 724 2745 quarn
747 2669 849 2727 misere
863 2667 1035 2729 ratiocinati
1050 2674 1126 2747 sint,
1136 2676 1203 2752 judi·

127 2756 195 2809 «urm
217 2749 424 2821 Mathematici,
447 2749 549 2825 quibus
560 2750 647 2826 hujus
658 2750 759 2808 farinae
771 2750 954 2823 Argumenta
965 2751 1082 2811 nullam
1095 2775 1204 2815 moram

129 2830 246 2907 iujiamu
268 2836 423 2907 potueruut
443 2830 474 2889 in
494 2832 580 2889 rebus
602 2832 638 2888 ab
659 2830 729 2906 ipsis
750 2829 826 2887 clare
839 2827 1032 2903 distincteque
1044 2836 1203 2912 perceptis.

131 2912 210 2981 Num,
244 2916 435 2987 praeterquam
466 2911 541 2986 quod
562 2910 653 2968 multa
673 2911 857 2979 invenerunt,
879 2928 943 2984 quae
965 2910 1047 2969 nullo
1070 2913 1202 2975 Numero

128 2991 265 3067 explicari
299 2997 435 3069 [rossunt3
467 2992 542 3067 ‹luod
574 2990 645 3049 satis
666 3010 850 3049 numerorum
872 2989 1016 3047 defectum
1039 2993 1079 3049 ad
1102 2995 1201 3053 omnia

127 3072 376 3131 ‹letermiuandum
398 3071 551 3149 patefacit3
573 3071 664 3129 multa
678 3071 764 3129 etiam
776 3072 892 3142 habent,
905 3089 969 3144 quae
982 3069 1063 3128 nullo
1076 3093 1200 3134 numero

128 3152 275 3227 rulmquuri
298 3159 428 3228 possunt,
449 3153 499 3211 sed
520 3171 642 3222 omnem,
665 3151 713 3226 qui
734 3150 797 3209 dari
817 3154 922 3226 potest,
944 3168 1100 3210 numerum
1115 3174 1197 3231 supe·

128 3236 202 3289 nuit.
228 3232 284 3289 Nec
304 3238 402 3291 tramea
422 3233 606 3299 concludunt,
628 3231 698 3289 talia
719 3251 831 3289 omnem
846 3250 997 3288 numerum
1008 3249 1153 3305 superare
1164 3255 1201 3294 ex

128 3310 252 3387 partium
285 3313 482 3385 multitudine,
515 3313 564 3371 sed
596 3332 634 3370 ex
665 3331 707 3381 eo,
739 3311 814 3386 quod
846 3311 890 3368 rei
919 3314 1025 3369 natura
1052 3330 1114 3370 non
1136 3314 1201 3373 sine

128 3390 280 3450 ruuuisesta
300 3392 528 3452 contradictione
549 3412 699 3451 numerum
710 3391 771 3466 pati
782 3396 887 3466 potest,
901 3395 933 3449 ut
943 3410 989 3448 ex.
1003 3395 1079 3464 grat.
1093 3413 1197 3453 omnes

129 3470 342 3545 iruaqualitates
383 3472 469 3549 spatii
508 3474 619 3531 duobus
649 3471 763 3530 circulis
793 3471 846 3528 AB
878 3476 907 3529 et
939 3470 988 3529 01)
1018 3469 1197 3548 interpositi,

126 3570 282 3625 ‹nurmsque
312 3552 498 3623 variationes,
531 3573 603 3628 (puae
633 3551 754 3611 materia
785 3549 815 3608 in
842 3570 876 3609 eo
896 3556 975 3609 mota
995 3550 1057 3625 pati
1078 3551 1196 3626 debeat,

127 3650 240 3691 omnem
272 3650 422 3689 numerum
452 3637 599 3708 superant.
631 3633 722 3707 quue
753 3649 811 3687 non
842 3631 1023 3690 concluditur
1047 3650 1083 3689 cx
1106 3633 1198 3693 nimia
