2662 4298
456 341 680 380 Aunornmouns
700 341 732 380 nt
754 340 855 381 TRAOT.

641 563 668 619 V
714 619 718 625 .

499 749 540 807 (ad
558 763 616 809 pag.
633 749 688 802 388,
709 748 818 806 tom.1).

163 917 221 976 LB.
243 918 344 975 Μυηη.
366 918 413 976 Ad
434 917 524 976 vitam
547 923 687 977 aeternam
709 938 768 976 non
791 919 930 989 sufficere,
953 919 991 977 V.
1007 919 1041 978 Τ.
1059 921 1193 978 mandata

123 999 288 1068 observare,
310 1001 392 1072 patet
413 1017 450 1056 ex
470 999 561 1056 Marc.
583 1018 607 1057 c.
631 1000 676 1058 10.
700 1018 744 1058 ve.
767 1000 816 1058 21.

636 1239 680 1296 VI

499 1423 540 1480 tad
557 1437 615 1482 pag.
632 1424 670 1482 25,
693 1428 752 1470 tom.
772 1426 816 1479 II).

164 1594 236 1651 Rus.
258 1593 317 1652 LB.
339 1594 439 1652 Μυηη.
462 1594 505 1652 De
528 1593 583 1652 Dei
604 1592 769 1668 existentia,
788 1598 817 1652 et
835 1599 1046 1671 consequenter
1058 1597 1189 1656 deornni·

122 1676 185 1741 bus,
219 1672 391 1744 dubitamus,
414 1673 550 1749 quamdiu
570 1673 661 1750 ipsius
682 1673 736 1732 Dei
757 1693 815 1733 non
836 1676 944 1734 claram
964 1680 994 1734 et
1015 1675 1187 1749 distinctam,

125 1753 176 1810 sed
197 1753 343 1811 confusam
366 1754 506 1812 habemus
526 1754 628 1813 ideam.
649 1754 722 1813 Nam
745 1759 778 1813 ut
798 1753 854 1826 ille,
876 1755 926 1832 qui
946 1760 1084 1815 naturam
1105 1758 1189 1816 trisn-

124 1831 185 1907 guli
217 1852 275 1890 non
306 1838 384 1892 recte
418 1833 509 1903 novit,
542 1835 642 1906 nescit,
669 1837 731 1911 ejus
752 1839 813 1893 tres
837 1836 960 1911 angulos
981 1837 1111 1911 aequales
1130 1857 1189 1896 esse

123 1914 234 1971 duobus
255 1913 357 1985 rectis;
380 1913 420 1972 sic
440 1914 473 1988 is,
494 1914 543 1989 qui
563 1919 698 1973 naturam
720 1915 847 1974 divinam
858 1916 976 1974 confuse
987 1916 1124 1993 concipit,
1135 1937 1189 1976 non

124 1993 213 2063 videt,
236 1995 313 2069 quod
336 1995 372 2052 ad
393 1994 445 2052 Dei
467 1999 602 2053 naturam
613 1995 758 2071 pertineat
769 1995 903 2056 existere.
915 1996 965 2067 At,
977 2002 1011 2055 ut
1021 1997 1077 2055 Dei
1087 2003 1190 2056 natura

123 2075 200 2132 clarc
231 2079 261 2133 et
291 2075 426 2134 distincte
454 2075 575 2134 anobis
596 2078 612 2147 ἓ
633 2075 726 2152 possit
747 2075 866 2151 concipi,
888 2095 1006 2135 necessa
1026 2081 1081 2148 est,
1104 2082 1138 2137 ut
1157 2078 1190 2136 ed

124 2155 263 2230 quasdam
284 2155 416 2215 notiones
437 2155 671 2232 simplicissimae,
693 2176 766 2232 quas
786 2176 951 2215 communes
971 2162 1089 2230 vocant,
1103 2162 1191 2216 atten-

124 2236 225 2294 damus
257 2239 281 2303 *‚
315 2241 344 2296 et
365 2257 430 2295 cum
450 2236 486 2295 iis
505 2237 563 2309 illa,
585 2257 651 2312 quae
673 2237 710 2294 ad
731 2236 858 2294 divinam
880 2242 1014 2296 naturam
1035 2239 1190 2313 pertinent,

125 2322 362 2388 concatenemus;
395 2323 482 2392 atque
502 2322 564 2376 tum
584 2317 707 2392 primum
729 2316 910 2393 perspicuum
932 2317 1015 2375 nobis
1036 2318 1078 2389 fit,
1101 2320 1190 2377 Deum

125 2397 286 2456 necessario
321 2397 446 2456 existere
481 2402 511 2455 et
531 2397 637 2473 ubique
658 2417 740 2469 essc;
761 2402 881 2473 tumque
902 2401 935 2434 ²⁸*
956 2397 1042 2456 simul
1063 2404 1192 2474 apparet,

124 2476 229 2548 omnia,
252 2497 317 2552 quae
339 2477 522 2553 concipimus,
545 2478 598 2535 Dei
620 2483 753 2537 naturam
774 2477 804 2535 in
819 2497 850 2536 se
866 2479 916 2550 *ss*
926 2477 1076 2537 involvere
1086 2499 1195 2555 perque

125 2556 244 2613 eandem
266 2556 395 2632 concipi3
417 2561 447 2615 et
468 2557 599 2632 denique,
621 2557 716 2616 omnia
736 2557 786 2616 illa
800 2577 953 2629 versasse,
965 2577 1030 2633 quae
1042 2559 1194 2634 adaequate

124 2635 308 2711 concipimus.
332 2636 386 2694 Sed
409 2637 443 2694 de
464 2637 509 2695 his
531 2642 549 2710 †
570 2637 636 2696 vide
657 2639 887 2713 Prolegomenon
908 2642 946 2711 tt
967 2637 1042 2708 libri,
1065 2639 1194 2698 cuititu·

122 2715 168 2773 lus
189 2721 233 2773 est
254 2718 406 2792 Principia
428 2717 618 2792 Philosophia
638 2739 716 2777 mora
735 2721 900 2794 yaomctra'co
921 2721 1127 2778 demonstrata.

156 2874 171 2934 ξ
202 2875 253 2931 LB,
270 2876 309 2922 M:
327 2890 343 2921 a
359 2875 428 2922 achia
443 2876 510 2921 clare
526 2881 550 2921 et
566 2877 686 2922 distincte.

157 2937 169 2961 *
200 2936 252 2994 LB,
279 2937 318 2985 M:
341 2952 435 2984 necesse
451 2939 665 2996 aot...attendere,
682 2944 909 2985 et...concatenare.
1006 2937 1030 2963 **
1047 2938 1100 2997 LB,
1119 2941 1156 2986 M:
1173 2945 1195 2985 et

125 3001 208 3047 ainaul.
303 3000 341 3060 *„*
357 3001 408 3057 LB,
424 3001 464 3048 M:
481 3006 602 3047 naturam·
617 3002 743 3047 involvere.
839 3000 924 3060 †LB‚
941 3000 980 3046 M:
999 3001 1028 3046 da
1043 3002 1094 3047 hoc.

157 3062 191 3122 ††
208 3063 264 3108 LB:
281 3063 462 3121 Prolepomena.

629 3233 687 3291 VII

501 3423 543 3478 (ad
559 3435 617 3481 pag.
636 3421 674 3479 45,
697 3424 758 3467 torn.
775 3420 819 3479 ΙΙ),

166 3590 239 3647 Rea.
271 3591 329 3648 LB.
361 3592 462 3649 Μυηη.
482 3590 572 3649 Nobis
593 3589 710 3654 scilicet,
733 3589 782 3665 qui
803 3590 870 3648 huic
890 3589 997 3664 linguae
1018 3608 1077 3648 non
1099 3609 1192 3648 assue-

125 3668 229 3739 vimus
251 3675 280 3729 et
301 3671 428 3746 ejusdem
449 3673 464 3706 '¹‘
486 3670 716 3746 phraseologiam
739 3669 944 3728 desideramus.

159 3814 170 3837 ⁹⁶
202 3813 254 3871 LB,
271 3814 309 3859 M:
327 3815 386 3868 ejus.
