2662 4298
126 350 184 408 234
552 363 691 403 nrisronn
710 365 765 405 ΧΠ.

125 536 167 595 sic
198 539 294 594 sonat.
327 533 357 593 Si
389 533 475 592 datur
506 551 678 608 progressus
705 551 859 591 causarum
887 532 922 592 in
944 534 1117 609 infinitum,
1137 542 1202 596 erunt

126 615 231 685 omnia,
261 634 325 689 quae
354 618 431 679 sunt,
460 611 548 671 etiem
577 617 713 671 causata:
736 611 827 688 Atqui
846 613 934 684 nulli,
960 617 1050 691 quod
1072 622 1201 677 causstun

125 701 179 766 est,
208 693 357 769 competit,
386 693 415 751 vi
445 713 505 752 suae
535 698 649 751 naturae
678 692 840 752 necessario
861 692 1024 755 existere:
1048 698 1130 775 Ergo
1147 696 1202 756 nul

125 781 170 834 est
190 775 219 832 in
241 773 363 843 Natura,
386 773 422 831 ad
444 773 527 849 eujus
548 772 703 831 essentiam
723 772 853 848 pertinet
873 776 1062 836 necessario
1084 777 1201 837 existere.

126 855 180 914 Sed
201 854 257 911 hoe
278 857 323 911 est
345 853 516 912 absurdum:
538 872 608 928 ergo
629 857 659 911 et
679 853 758 912 illud.
781 853 877 923 Quare
900 853 951 912 vis
965 858 1146 932 argumenti
1157 877 1202 917 non

124 935 155 993 in
183 953 217 993 eo
245 932 302 991 site
330 937 383 998 est,
413 934 489 1008 quod
515 932 691 1009 impossibile
716 933 763 1003 sit,
791 932 854 991 dari
874 939 949 993 ectu
970 934 1146 1011 Infinitum,
1165 942 1203 997 aut

125 1033 297 1091 progressus
318 1033 469 1072 causarum
490 1012 520 1070 in
541 1012 694 1085 infinitum,
717 1014 766 1072 sed
787 1017 904 1072 tentum
926 1013 961 1072 in
984 1035 1036 1089 eo,
1061 1020 1141 1094 quod
1152 1038 1205 1094 sup·

125 1098 259 1172 ponetur,
291 1113 347 1164 res,
379 1113 445 1169 quae
478 1101 531 1152 sue
562 1098 668 1152 nature
699 1112 758 1152 non
784 1093 954 1152 necessario
985 1097 1206 1170 existentem

126 1173 313 1236 determinari
334 1174 370 1232 ad
392 1172 573 1231 existendum
595 1193 613 1231 e
634 1194 666 1232 re
681 1182 734 1232 sut
749 1178 855 1232 nature
869 1177 1052 1236 necessario
1069 1178 1206 1239 existenti

167 1255 331 1315 Transirem
350 1254 419 1330 jam,
441 1253 509 1327 quie
529 1258 643 1329 tempus
663 1274 710 1312 me
730 1253 870 1312 festinare
884 1255 979 1329 cogit,
995 1258 1040 1316 ad
1058 1260 1207 1319 secundam

125 1341 206 1395 tuam
228 1335 402 1411 Epistolam:
425 1333 475 1391 sed
496 1334 531 1391 ad
554 1353 597 1401 ee,
613 1353 677 1409 quse
692 1334 787 1393 isthac
800 1332 1005 1408 eontinentur,
1022 1339 1207 1410 commodius,

126 1437 190 1475 cum
227 1416 364 1490 dignatus
390 1413 479 1472 fueris
507 1433 552 1472 me
580 1413 714 1487 invisere,
742 1413 917 1490 respondere
938 1421 1066 1491 potero.
1114 1421 1209 1492 Quaeso

126 1496 233 1570 itaque,
265 1495 290 1552 si
321 1494 383 1552 fieri
413 1498 518 1569 potest,
551 1499 584 1552 ut
611 1494 820 1571 quamprimum
850 1493 971 1567 venies;
999 1518 1077 1558 nem
1104 1505 1211 1578 tempus

128 1574 273 1650 migrandi
294 1573 467 1632 festinanter
488 1574 607 1633 aceedit.
630 1576 756 1633 Tantum
777 1579 830 1633 est.
852 1574 936 1644 Vale,
959 1577 1088 1654 meique
1109 1600 1211 1640 memor

126 1655 203 1728 vive,
225 1653 274 1730 qui
295 1672 367 1724 sum,
389 1659 443 1713 ete.

161 1760 335 1819 [Rhenobm-gi
352 1759 390 1806 20.
407 1760 503 1820 Aprilis
521 1761 597 1817 1663,
614 1765 681 1808 teste
698 1762 772 1808 Vere.
789 1761 870 1820 Belg.]

125 1850 340 1959 xgiprffortasse
366 1849 502 1895 inserenda
524 1850 642 1910 Epistola
666 1865 743 1909 quam
765 1865 812 1897 nos
829 1854 935 1897 auctore
952 1855 1074 1913 utraque
1093 1859 1154 1905 Vet.
1170 1858 1212 1904 Ed.

225 1925 330 1958 ecimus.

417 2232 441 2288 Ε
452 2251 470 2288 1>
481 2251 492 2288 1
504 2251 517 2289 s
529 2251 545 2288 r
556 2251 573 2288 e
585 2250 601 2288 n
613 2252 633 2288 A
664 2232 737 2289 XIII
761 2234 837 2305 (onm
854 2234 903 2304 m),

403 2366 473 2423 Viro
496 2366 679 2423 Nobilissime
700 2386 734 2423 ec
754 2368 924 2424 Doelissime

369 2497 579 2556 HENRIGO
613 2498 954 2558 OLDENBURGIO

587 2633 621 2690 B.
643 2652 671 2690 n.
695 2634 721 2692 S.

426 2765 581 2840 Responsio
602 2769 642 2824 ad
662 2768 823 2842 Epistulam
846 2769 901 2825 XI.

253 2898 305 2956 Vn·
327 2898 520 2974 Nobilisstme,

165 3004 280 3063 Literes
310 3010 383 3076 tuas,
406 3005 476 3062 mihi
498 3007 604 3064 dudum
626 3006 813 3077 desideratae,
835 3009 952 3065 tandem
973 3007 1081 3082 accepi,
1106 3009 1206 3086 iisque

126 3084 214 3143 etiam
244 3087 417 3160 respondere
442 3086 531 3145 licuit.
562 3087 677 3156 Verum,
706 3087 872 3162 priusquam
900 3088 928 3145 id
956 3087 1125 3161 aggrediar,
1157 3110 1203 3164 ee,

125 3185 190 3239 quae
230 3165 451 3240 impediverunt,
484 3186 539 3241 quo
571 3166 665 3224 minus
697 3168 821 3225 antehac
851 3167 1009 3226 rescribere
1040 3170 1202 3241 potuerim,

125 3243 225 3320 paucis
260 3246 360 3305 dicam.
393 3246 464 3305 Cum
496 3266 593 3304 mense
624 3247 718 3322 Aprili
749 3268 842 3305 meam
874 3247 1081 3324 supellectilem
1108 3250 1169 3308 huc
1186 3255 1202 3287 *

127 3326 274 3394 transtuli,
297 3327 550 3385 Amstelaedamum
571 3328 717 3402 profectus
738 3348 809 3386 sum.
831 3328 875 3386 Ibi
897 3329 1011 3403 quidam
1032 3347 1078 3385 me
1099 3329 1202 3388 Amici

126 3410 279 3479 rogarunt,
302 3410 335 3463 nt
356 3407 409 3465 sibi
432 3407 542 3482 copiam
557 3408 680 3465 facerem
696 3408 844 3482 cujusdam
858 3409 1021 3476 Tractatus,
1037 3409 1200 3468 secundam

128 3486 244 3542 Partem
268 3485 480 3561 Principiorum
501 3487 630 3555 Centesii,
653 3507 732 3545 more
753 3487 933 3547 Geometrico
956 3490 1200 3558 demonstratam,

126 3568 156 3621 et
187 3565 344 3640 praecipua,
377 3586 442 3642 quse
470 3566 500 3624 in
526 3567 734 3643 Metephysicis
755 3573 928 3640 tractantur,
949 3568 1078 3627 breviter
1099 3570 1200 3628 conti·

158 3758 168 3778 ⁹
201 3759 379 3817 Voorburgum
404 3774 505 3819 nempe,
530 3765 559 3808 ut
582 3765 652 3808 recte
676 3766 763 3808 monet
786 3764 860 3809 Knno
884 3763 990 3809 Fischer
1010 3763 1112 3812 (Geseh.
1130 3764 1155 3811 d.
1173 3781 1200 3815 n.

128 3821 192 3868 Phil.
210 3819 229 3866 Ι.
247 3821 269 3867 2.
286 3836 310 3881 p.
329 3822 381 3867 135.
399 3823 438 3868 ed.
456 3823 496 3878 3.).
