2662 4298
126 266 185 324 248
540 284 682 325 nrrsrou
701 284 777 325 xm.

125 454 181 511 bus
200 451 278 511 curis
297 456 329 511 et
348 452 474 544 negptiis
494 472 618 512 vacuum
637 460 693 519 est,
713 473 777 530 quae
796 458 937 515 externe
960 476 1079 519 sensns
1097 459 1191 519 turbt

125 532 202 591 Huic
233 532 275 591 rei
307 532 449 591 inservire
470 553 583 609 quoque
602 540 709 610 potest,
729 533 807 610 quod
827 553 871 593 ea
893 537 1088 630 oogiternna,
1107 542 1192 615 quad

126 612 281 689 plurimum
301 613 348 671 bis
367 613 475 671 similes
495 613 624 673 excitant
642 614 733 673 ideas
753 614 897 690 Exempli
919 618 1044 692 gratia,
1069 619 1193 691 minian

125 693 192 751 dum
215 712 280 751 cum
301 693 356 751 hoc
375 693 462 752 illove
482 694 635 771 loquimur,
656 694 782 770 gemims
801 694 959 768 andimus,
971 698 1193 776 plernnrqnofit

125 778 168 842 ut,
199 772 249 831 ubi
280 773 316 831 de
346 774 445 832 eodem
474 774 591 833 homine
609 775 714 834 iterum
734 773 951 849 cogitamusst
939 777 964 836 1i
987 779 1132 855 gemitur,
1147 796 1195 871 pu

126 852 245 911 auribus
266 853 504 930 percipiebamus
525 874 613 931 quum
624 874 689 914 cum
699 874 763 931 ipso
772 855 1016 931 loquebamur
1003 879 1041 919 m
1054 857 1194 920 memoria

124 932 185 991 sint
215 934 341 992 ventum.
373 934 454 1006 Haeo,
486 935 578 994 amice
608 935 722 1006 dilecte,
747 953 813 994 mea
832 935 871 994 de
893 940 955 997 tua
977 939 1153 1010 Quaestione
1166 942 1196 999 at

126 1013 281 1072 sententia
303 1014 506 1087 Brevissimus,
528 1016 631 1087 fateor,
645 1015 708 1087 fui;
719 1014 1007 1094 seddeditaopera,
1020 1019 1196 1081 namstede

125 1093 221 1170 prima
242 1095 346 1170 quavis
365 1095 517 1154 occasione
537 1096 574 1154 ad
595 1115 641 1154 me
661 1093 806 1155 scribendi
825 1095 881 1154 tibi
903 1100 1195 1177 supponimur

154 1201 513 1262 voorbnrgi,aosulii1664
531 1204 569 1261 (tl

376 1524 940 1595 Eprsroraxvlssumun).

529 1660 696 1718 Clarissimo
723 1659 793 1718 t'iro

593 1792 627 1850 B.
650 1811 678 1849 n.
700 1791 729 1850 S.

258 1923 590 1984 GUILIELMUS
611 1925 673 1983 DE
693 1923 1071 1991 BLYENBERGH.

592 2060 690 2118 l'erer'o
703 2060 728 2117 ⁸.

205 2222 249 2278 lli
269 2222 399 2287 Domine.
421 2228 446 2278 et
468 2222 569 2277 lorice
591 2223 689 2295 iprrote,

165 2366 233 2422 Jam
265 2363 436 2438 saepiuscule
466 2368 548 2420 tuum
569 2363 746 2432 Tractatum,
768 2382 826 2419 una
847 2380 910 2419 eum
931 2362 997 2438 ejus
1018 2366 1200 2443 Appendioe‚

128 2463 221 2519 nuper
241 2443 271 2500 in
292 2444 385 2501 lucem
406 2441 523 2505 editum
545 2448 657 2500 attente
678 2441 783 2500 evolvi.
805 2440 902 2516 Magis
912 2460 958 2500 me
973 2444 1105 2518 decebit,
1117 2468 1201 2525 quam

126 2524 224 2589 alium,
247 2529 279 2580 ut
294 2527 326 2558 **
346 2522 400 2580 tibi
420 2542 535 2580 narrem
557 2543 697 2581 summam
720 2521 999 2598 quamineoreperr
991 2495 1200 2599 soliditatem,

125 2610 155 2662 et
189 2623 276 2677 quam
307 2603 374 2660 inde
404 2603 520 2678 percepi
544 2604 737 2694 voluptatem3
758 2603 787 2660 id
809 2607 906 2659 tamen
926 2602 1052 2663 reticere
1075 2627 1199 2699 nequep,

126 2683 214 2759 quod.
243 2701 300 2757 quo
321 2682 501 2757 frequentius
521 2703 586 2740 cum
607 2683 769 2742 attentione
790 2702 855 2740 eum
875 2701 1025 2758 percurro,
1047 2706 1086 2744 eo
1108 2687 1201 2763 magis

125 2762 197 2821 mihi
228 2763 351 2838 placeat,
382 2768 411 2820 et
443 2763 581 2821 continuo
612 2764 721 2839 aliquid
749 2765 907 2825 observem
930 2764 1006 2837 quod
1027 2773 1122 2826 antea
1143 2787 1201 2827 non

125 2844 397 2902 animadverteram.
428 2843 682 2902 lerumenimvero
703 2846 752 2915 (ne
772 2843 855 2902 hac
847 2863 878 2900 m
899 2828 1031 2918 Epistola
1050 2846 1202 2906 Adulator

125 2925 238 2995 videar)
259 2924 326 2982 nolo
347 2924 410 2999 ejus
429 2926 586 2982 Auctorem
608 2923 727 2982 nimium
748 2923 900 2982 admirari:
914 2922 997 2993 Novi,
1009 2924 1091 2984 Deos
1103 2927 1200 2986 omnia

125 3004 273 3064 laboribus
293 3004 427 3062 vendere.
448 3005 492 3063 Xe
512 3009 609 3063 autem
630 3009 660 3063 te
680 3004 711 3062 in
731 3004 922 3062 admiratione
943 3003 1028 3061 nimis
1049 3005 1102 3064 diu
1124 3007 1198 3066 deti·

125 3105 220 3155 neam,
243 3084 309 3160 quis
329 3084 376 3155 sit,
398 3092 427 3143 et
448 3093 498 3160 qui
517 3086 578 3154 fiat,
601 3090 633 3143 ut
654 3085 707 3143 tibi
727 3085 846 3160 ignotus
866 3089 949 3142 tanta
960 3083 996 3141 ad
1007 3088 1039 3142 te
1049 3087 1199 3146 scribendi

125 3166 260 3224 libertate
290 3169 400 3233 utatur,
431 3165 525 3224 dicam
555 3165 617 3234 tibi,
639 3186 703 3223 eum
725 3184 797 3233 esse,
819 3165 878 3240 qui,
900 3163 1041 3222 desiderio
1062 3185 1148 3241 purae
1169 3172 1198 3226 et

124 3246 246 3303 sincerae
278 3245 412 3303 veritatis
443 3245 592 3322 impulsus,
623 3245 655 3303 in
672 3245 755 3304 brevi
777 3246 832 3304 hae
854 3255 883 3303 et
904 3243 1002 3320 fragili
1021 3244 1085 3304 vita
1107 3249 1199 3322 pedes

156 3442 231 3486 In
255 3440 329 3488 issers
346 3443 419 3500 Belg.
436 3443 552 3500 margine
567 3441 660 3487 Latina
676 3440 754 3486 rerba
771 3455 821 3486 non
838 3442 932 3486 laudan
934 3446 987 3489 tur:
1004 3441 1117 3498 itaque
1109 3457 1198 3502 ipsum

125 3503 309 3561 Blrenberghii
325 3506 462 3563 epistolam
478 3505 531 3550 illic
548 3505 629 3563 repeti
647 3508 760 3563 apparet.
777 3504 823 3550 eff.
840 3518 895 3562 qnae
912 3505 944 3549 ad
961 3518 1000 3562 ep.
1017 3503 1061 3548 XX
1079 3509 1197 3553 notaturi

124 3579 221 3611 sumus.
246 3567 279 3610 At
305 3568 425 3623 quoniam
450 3567 483 3612 ad
507 3568 569 3626 Spin
554 3580 644 3612 nozam
668 3580 811 3624 cognoseen
797 3567 875 3611 ndum
895 3567 959 3611 nihil
976 3567 1046 3619 facit,
1062 3570 1198 3641 exemplar

124 3627 261 3672 vernacule
286 3629 409 3698 scriptum
428 3629 470 3675 hic
486 3631 637 3675 omittimus.
655 3628 765 3675 l'ersion
767 3642 807 3674 em
823 3629 942 3674 Latinam
960 3629 993 3673 ali
995 3629 1036 3674 cui
1053 3642 1084 3674 ex
1103 3632 1198 3678 amicis

125 3687 288 3736 tribuendam
305 3691 446 3748 opinamur.

156 3752 240 3797 ”.Er
259 3749 376 3809 Belg.-
392 3753 439 3798 Ed.
455 3754 513 3800 Lat.
530 3754 620 3798 utitol
600 3769 641 3809 ιιι
657 3768 738 3812 qucum.
