2662 4298
552 347 692 386 semrom
712 348 795 388 xxrv.
997 332 1002 341 '
1141 329 1199 388 297

81 539 92 575 s
127 513 269 584 deterret,
292 517 322 570 ts
342 512 507 585 excusabis3
532 533 632 573 verum
654 519 686 573 ut
700 534 772 574 meas
783 513 945 574 satisfacias
955 513 1088 590 petitioni
1098 515 1200 573 saltem

128 594 186 651 hac
219 592 282 650 vice
314 593 424 668 flagito,
454 612 487 652 eo
509 595 585 670 quod
606 597 716 671 absque
735 594 843 655 ultimae
866 593 1039 665 Quaestionis
1059 594 1200 654 solutione

81 702 87 740 ς
128 677 259 731 mentem
281 677 361 731 tuam
381 692 529 749 nunquam
542 677 621 733 recte
631 674 684 734 sim
695 680 892 751 percepturus.
904 675 1017 750 Optem,
1029 678 1063 734 ut
1072 676 1200 734 laborem

81 786 84 821 ;
128 756 215 811 tuum
229 753 325 828 aliquo
339 753 477 812 beneficio
489 773 677 830 compensare
688 755 796 815 liceret.
808 757 933 831 Tempus
944 755 1066 814 duarum
1075 754 1200 814 triumve

128 833 358 908 septimanarum
389 833 577 909 praescribere
607 855 666 894 non
696 836 804 908 audec3
835 840 949 894 tentum
980 839 1014 894 ut
1044 839 1113 894 ante
1143 834 1200 894 iter

127 917 213 972 tuum
244 913 521 973 Amstalaedamenss
553 916 591 974 od
622 916 676 974 has
706 935 876 991 responsum
908 916 968 987 (les,
989 915 1114 991 requiro.
1136 916 1200 974 Hoc

128 992 179 1052 ubi
201 993 451 1069 praestiterisme
472 994 524 1053 tibi
545 1015 726 1071 summopere
747 995 902 1067 devincies,
924 1015 1035 1072 egoque
1048 996 1199 1055 ostendam

126 1092 174 1132 me
196 1093 259 1132 esse
280 1078 309 1132 et
328 1093 506 1150 permanere,

528 1208 582 1266 M1
614 1208 702 1266 non
713 1227 725 1266 1
736 1228 756 1267 u
767 1228 794 1280 n,

478 1365 487 1382 ·
557 1341 649 1399 Mem
669 1343 709 1400 cd
730 1345 838 1418 qumvis
858 1343 950 1417 officia
966 1343 1194 1415 paratissimum

742 1474 777 1535 G.
800 1495 838 1534 ou
859 1477 1071 1534 Bnreueenen.

159 1579 283 1626 Dordracl
300 1580 338 1625 27.
355 1580 450 1637 Martii,
468 1579 536 1626 1665.

190 1723 309 1782 Epistola
325 1723 468 1783 inscriptio.

253 1813 316 1870 Ma'p'n
332 1813 389 1857 beer

158 1874 181 1918 d’
198 1875 255 1919 hear
272 1875 416 1920 Beneda'etua
433 1875 462 1921 de

192 1936 305 1996 Spinosa,
317 1942 423 1996 present

399 2000 540 2120 Veiiiurpe

436 2139 472 2183 pr
487 2128 598 2170 converto

413 2391 905 2465 Er1sronnXXV(on1nxn),

522 2548 688 2608 Clarissimo
715 2549 784 2608 Viro

587 2685 622 2742 B.
650 2682 729 2743 ms.
814 2645 818 2654 Ι

294 2815 560 2876 HENRIOUS
594 2814 1023 2876 OLDENBURGIUS.

211 2953 264 3010 Vir
290 2951 462 3023 Clarissima,
484 2951 610 3028 mihique
630 2952 818 3022 Amicissime,

166 3084 334 3143 Gaudebam
354 3102 539 3160 magnopere,
561 3103 625 3143 cum
647 3102 684 3142 ex
703 3082 822 3159 nuperis
843 3081 959 3141 Domini
969 3081 1091 3141 Serrarii
1102 3080 1195 3140 literis

125 3163 325 3240 intelligerem,
352 3168 382 3222 te
409 3163 511 3222 vivere
539 3167 569 3222 et
589 3163 695 3233 velere,
717 3167 747 3222 et
769 3161 957 3238 Oldenburgii
977 3161 1020 3221 tui
1040 3181 1193 3220 memorem

126 3264 203 3316 esse3
225 3246 276 3303 sed
297 3243 381 3303 simul
402 3243 532 3319 graviter
552 3244 697 3303 fortunam
718 3263 811 3302 meam
832 3242 869 3316 (si
879 3243 925 3301 las
936 3246 980 3301 est
990 3241 1043 3300 tali
1054 3240 1194 3300 vocabulo

126 3325 179 3394 uti)
207 3328 388 3395 accusabam,
417 3345 474 3401 qua
502 3325 610 3383 factum
632 3328 685 3394 est,
707 3327 740 3382 ut
759 3342 812 3399 per
832 3327 877 3381 tot
896 3321 1036 3381 mensium
1058 3319 1193 3397 spatium,

126 3404 296 3465 commercio
322 3404 372 3463 illo
397 3403 576 3479 suavissimo,
598 3423 654 3480 quo
675 3404 800 3463 antehac
820 3407 915 3462 tecum
935 3404 1048 3473 utebar,
1062 3400 1195 3477 privatus

126 3484 238 3545 fuerim.
260 3487 333 3543 Tum
354 3486 574 3560 occupationum
585 3487 680 3554 turba,
693 3488 754 3542 turn
765 3482 962 3542 calamitatum
973 3481 1193 3540 domesticarum

125 3562 290 3624 immanitas
327 3565 478 3640 culpandas
514 3569 597 3635 sunt,
637 3583 732 3622 meum
767 3563 873 3640 quippe
908 3580 978 3637 erga
1009 3564 1038 3620 te
1052 3560 1194 3621 ¹studium

127 3645 332 3720 amplissimum
363 3644 477 3721 fidaque
507 3644 634 3704 amicitia
664 3645 746 3703 firmo
778 3662 891 3720 semper
921 3645 1040 3702 stabunt
1066 3642 1135 3713 talo,
1164 3647 1194 3700 et

126 3723 296 3783 inconcussa
320 3728 530 3800 perennabunt.
557 3724 698 3784 Dominus
725 3723 845 3800 Boylius
865 3727 895 3782 st
915 3742 970 3798 ego
991 3742 1050 3780 non
1070 3741 1136 3780 raro
1158 3722 1193 3780 de

126 3808 164 3874 te,
196 3810 247 3864 tua
278 3805 455 3879 llruditione,
488 3812 518 3865 et
537 3805 689 3882 profundis
709 3803 944 3864 meditationibus
965 3802 1192 3862 confabulamur.
