2662 4298
124 311 184 369 200
559 328 697 368 nrrsrona
719 330 762 368 111.

127 510 129 514 ‘
164 494 264 558 Tertia
284 503 337 569 est,
361 518 398 556 an
419 497 564 556 axiomata
584 498 643 569 illa,
666 518 731 573 quae
752 498 822 556 mihi
843 498 1075 570 communicasti,
1099 502 1209 561 habeas

123 593 180 656 pro
212 578 366 654 Principiis
400 577 713 650 indemonstrabilibus,
749 583 779 637 et
812 578 933 636 Naturae
967 579 1035 638 luce
1067 581 1207 656 cognitis

124 660 260 735 nullaque
292 657 463 734 probatione
491 658 665 733 egentibus?
692 659 829 717 Fortasse
849 658 972 734 primum
993 660 1129 720 Axioma
1151 664 1208 722 talc

124 745 184 810 est;
217 739 267 797 sed
296 759 354 797 non
383 738 475 808 video,
498 740 639 814 quomodo
661 738 720 796 tria
740 739 852 814 reliqua
872 739 902 796 in
923 738 1027 799 talium
1050 761 1205 802 numerum

124 818 228 878 referri
259 823 375 894 queant.
409 818 570 877 &eundum
603 818 710 894 quippe
741 819 885 895 supponit,
918 819 990 877 nihil
1022 821 1158 881 existere
1177 823 1207 882 iu

124 918 220 959 rarum
251 899 373 957 Natura·
395 904 501 974 praeter
533 899 718 957 Substantias
749 904 779 958 et
810 899 989 971 Accidentia,
1012 920 1080 959 oum
1104 906 1206 962 tamen

123 979 207 1038 multi
238 983 380 1050 statuant,
412 983 527 1055 tempus
558 984 588 1037 et
618 980 711 1038 locum
744 979 885 1038 rationem
916 980 1024 1038 habere
1057 982 1203 1042 neutrius.

123 1059 253 1118 Tertium
285 1065 367 1118 tuum
398 1059 534 1131 Axioma,
564 1061 619 1118 Res
640 1079 752 1135 nempe,
775 1080 838 1136 qam
859 1062 972 1118 diuerso
992 1061 1098 1119 habent
1121 1067 1205 1121 attri-

126 1142 204 1216 buta,
237 1141 309 1198 nibil
336 1141 439 1200 habere
459 1143 534 1199 inter
552 1159 581 1198 se
601 1159 756 1212 cornrnune,
779 1145 890 1198 tantum
913 1143 1005 1211 abest,
1028 1145 1063 1199 ut
1083 1142 1206 1201 clarea

124 1241 170 1280 me
201 1220 388 1297 concipiatur,
417 1225 450 1279 ut
470 1221 567 1296 potius
587 1220 765 1279 contrarium
787 1220 850 1295 ejus
871 1224 933 1278 tota
954 1221 1064 1279 Rerum
1085 1223 1204 1282 univer·

124 1302 197 1360 sitas
218 1300 352 1360 videatur
372 1300 522 1360 evincere:
545 1302 603 1359 Res
625 1300 700 1358 enim
722 1320 822 1358 omnes
842 1300 925 1358 nobis
946 1300 1074 1375 cognitae
1096 1309 1164 1362 tum
1175 1304 1202 1362 in

124 1381 271 1441 nonnullis
305 1381 382 1441 inter
413 1401 444 1440 se
476 1381 621 1452 differunt,
653 1385 715 1439 tum
746 1380 775 1438 in
809 1380 978 1456 quibusdam
1011 1383 1202 1444 conveniunt.

125 1463 267 1533 Quartum
296 1462 426 1537 denique,
449 1463 504 1520 Res
524 1463 635 1532 scilicet,
658 1481 721 1537 qum
742 1462 814 1519 nibil
835 1481 981 1519 cornmune
1001 1462 1105 1520 hubent
1128 1466 1204 1523 inter

124 1562 161 1614 se,
193 1562 284 1600 auom
315 1543 435 1600 ulterius
466 1561 585 1600 causam
606 1559 662 1599 esse
683 1561 741 1600 aon
758 1560 850 1616 posse,
873 1561 931 1599 non
952 1540 994 1599 ita
1014 1542 1202 1617 perspicuum

124 1627 169 1680 est
200 1621 359 1680 intellectui
380 1640 443 1679 meo
465 1620 631 1695 caliginoso,
655 1621 724 1696 quin
745 1621 808 1679 lnce
830 1620 926 1696 aliqua
947 1621 1082 1696 perfundi
1104 1629 1201 1697 egeat.

125 1703 205 1760 Deus
226 1701 332 1776 quippe
353 1700 426 1759 nihil
445 1701 605 1759 formaliter
626 1721 777 1760 commune
798 1702 887 1759 habet
901 1721 966 1759 cum
980 1703 1067 1760 rebus
1082 1703 1200 1774 croatia,

125 1801 224 1840 earum
245 1786 343 1839 tamen
365 1801 453 1839 eausa
473 1800 491 1838 a
512 1781 596 1839 nobis
616 1782 677 1839 fere
699 1781 831 1839 omnibus
852 1781 984 1841 habetur.

165 1862 236 1920 Haec
265 1861 357 1936 igitur
387 1859 545 1919 Axiomata
575 1881 640 1919 cunr
674 1862 750 1937 apud
781 1882 827 1919 me
855 1881 912 1919 non
934 1861 1091 1920 videantur
1111 1868 1199 1921 extra

124 1961 238 2000 omnem
270 1940 459 2000 dubitationis
485 1942 577 1999 aleam
599 1940 703 2017 posita,
727 1942 811 2000 facile
832 1941 958 2017 conjicis,
981 1941 1201 2017 Propositiones

124 2028 191 2082 tuas
221 2021 258 2080 iis
288 2025 503 2098 superstructas
530 2041 588 2080 non
616 2042 701 2097 posse
723 2042 781 2080 non
802 2022 947 2081 vacillare.
968 2022 1007 2080 Et
1027 2041 1084 2097 quo
1105 2023 1201 2098 magis

124 2123 174 2162 eas
195 2101 354 2174 considero,
377 2122 410 2160 eo
431 2101 563 2178 pluribus
584 2122 671 2178 super
692 2123 742 2160 eas
764 2101 991 2160 dubitationibus
1012 2104 1128 2162 obruor.
1151 2104 1199 2161 Ad

124 2183 246 2260 primam
278 2183 384 2260 quippe
416 2183 558 2258 expendo,
581 2183 653 2242 duos
674 2183 805 2240 homines
826 2202 888 2240 esse
910 2183 981 2240 duas
1003 2182 1198 2256 Substantias

124 2269 155 2322 et
185 2263 312 2339 ejusdem
345 2263 488 2334 attributi,
520 2284 584 2322 cum
616 2268 645 2321 et
673 2283 748 2321 unus
776 2267 805 2321 et
826 2262 899 2320 alter
921 2262 1044 2320 Ratione
1065 2263 1199 2335 valeant3

124 2344 191 2402 inde
222 2344 369 2417 concludo,
402 2343 465 2401 dari
493 2345 565 2402 duas
594 2344 779 2402 Substantias
800 2343 927 2418 ejusdem
949 2343 1091 2401 attributi.
1115 2342 1200 2402 Circa

124 2425 280 2482 secundam
302 2424 459 2493 considero,
482 2444 547 2482 curn
568 2424 640 2482 nihil
661 2424 753 2498 possit
774 2443 837 2482 esse
858 2443 945 2481 causa
967 2423 1011 2481 sui
1031 2423 1132 2498 ipsius,
1149 2425 1200 2482 vix

124 2505 227 2562 cadere
249 2507 302 2563 sub
324 2508 439 2579 captum
462 2508 601 2573 nostrum,
624 2505 765 2578 quomodo
787 2523 887 2562 verum
909 2524 972 2561 esse
992 2503 1092 2578 possit,
1122 2506 1199 2562 Sub·

122 2587 261 2642 atuntc'am
282 2604 339 2643 noa
357 2603 441 2657 posse
457 2586 594 2658 produci,
616 2603 702 2656 acque
717 2587 752 2642 ob
767 2586 826 2642 alic
837 2603 1005 2660 quocunque
1018 2585 1196 2643 Substantia.

124 2665 197 2722 Haec
228 2663 304 2721 enim
335 2663 498 2739 Propositio
530 2683 629 2722 omnes
661 2664 845 2723 Substantias
876 2684 980 2722 causas
1012 2663 1056 2721 sui
1084 2665 1199 2736 statuit,

124 2743 296 2818 easdemque
331 2763 429 2802 omnes
464 2748 494 2802 et
528 2743 659 2818 singulas
694 2765 711 2803 a
743 2765 772 2803 se
803 2744 927 2802 invicem
959 2744 1197 2819 independenteS,

124 2823 301 2899 totidemque
332 2826 409 2882 Deos
440 2824 518 2890 facit,
545 2829 574 2882 et
595 2826 650 2881 hac
672 2825 784 2883 ratione
806 2825 930 2883 Primam
953 2824 1079 2883 omnium
1101 2845 1199 2884 rernm

125 2904 249 2963 Causam
278 2909 386 2981 negat:
409 2906 485 2980 quod
506 2904 600 2979 ipsum
621 2905 724 2963 lubens
745 2907 839 2963 fateor
859 2924 904 2963 me
926 2925 984 2962 non
1005 2925 1118 2979 capere,
1142 2905 1198 2964 nisi

125 2986 201 3043 hanc
232 2984 302 3043 mihi
331 2985 454 3061 gratiam
477 2985 575 3055 iacias,
597 2991 630 3044 ut
651 2986 824 3043 sententiam
847 2990 926 3043 tuam
949 2986 984 3043 de
1005 2984 1119 3043 sublimi
1142 2986 1197 3044 hoc

124 3070 297 3139 argumento
329 3065 460 3124 nonnihil
487 3066 665 3124 enucleatius
693 3071 723 3124 et
745 3065 858 3141 plenius
878 3066 948 3123 mihi
969 3065 1092 3140 aperias,
1116 3065 1198 3124 doce-

125 3165 224 3221 asque,
247 3165 379 3221 quaenam
400 3146 438 3204 sit
459 3146 691 3205 Substantiarum
714 3147 796 3221 origo
818 3151 847 3204 et
868 3145 1027 3220 productio,
1042 3165 1198 3221 rerumque

125 3247 143 3284 a
164 3246 194 3284 se
215 3225 338 3284 invicem
360 3226 560 3302 dependentia,
583 3231 613 3284 et
634 3231 734 3284 mutua
755 3225 962 3284 subordinatio.
985 3227 1026 3284 Ut
1047 3226 1101 3283 hac
1122 3224 1153 3283 in
1166 3248 1198 3285 re

123 3306 214 3364 libere
245 3311 274 3364 et
305 3307 429 3365 fidenter
448 3327 559 3366 mecum
581 3327 662 3381 agac,
685 3326 830 3381 peream,
853 3325 938 3381 quam
959 3305 1104 3375 inivimus,
1128 3308 1197 3364 ami-

124 3386 222 3444 citiam
245 3391 274 3444 te
295 3388 421 3463 conjuro,
444 3407 572 3462 rogoque
593 3386 769 3457 enixissime,
791 3391 824 3444 ut
838 3406 1007 3461 persuasum
1021 3385 1074 3443 tibi
1085 3386 1198 3444 habeas

125 3486 210 3542 quam
246 3467 379 3537 maxime,
416 3467 511 3526 omnia
544 3468 610 3537 ista,
646 3488 710 3542 quae
745 3466 815 3525 mihi
846 3466 986 3541 impertiri
1018 3466 1196 3540 dignaberis,

123 3547 240 3621 integra
261 3552 291 3605 et
311 3549 393 3606 salva
413 3549 483 3619 fore,
506 3568 608 3624 meque
629 3549 795 3606 nullatenus
810 3547 1036 3617 commissurum,
1053 3551 1196 3604 uteorum

125 3626 272 3703 quippiam
292 3628 323 3686 in
344 3628 388 3686 tui
409 3648 514 3686 noxam
537 3633 586 3686 aut
608 3629 738 3686 fraudem
761 3648 778 3686 a
799 3647 844 3685 me
866 3628 1026 3701 evulgatur.

165 3707 200 3765 In
229 3705 355 3783 Collegio
376 3713 475 3766 nostro
504 3708 706 3784 Philosophiae
734 3707 939 3783 experimentis
968 3712 997 3765 et
1019 3707 1194 3765 observatio·

125 3788 211 3848 nibus
222 3788 360 3848 faciendis
371 3788 515 3863 gnaviter,
531 3794 670 3865 quantum
685 3809 738 3864 per
748 3789 901 3846 facultates
913 3787 989 3858 licet,
1000 3787 1193 3859 indulgemus
