2662 4298
129 330 188 387 386
555 348 694 387 rrrsrom
713 350 772 390 mx.

132 515 169 572 Et
190 514 232 572 ita
252 513 379 571 indicare
402 513 488 583 volui,
511 534 568 589 quo
589 534 680 590 nsque
700 515 1189 596 hacinDisquisitioneprogressus

132 615 210 666 snm3
233 595 316 669 cujus
336 594 550 669 perfectionem,
572 595 619 652 vel
640 594 664 652 ai
684 595 790 654 alicubi
811 616 881 655 erro
901 601 1145 672 emendationem,
1154 621 1191 659 nec

134 695 191 732 non
213 675 404 732 desideratam
427 674 627 732 Definitionem
648 681 794 750 exspecto.
817 677 906 736 Vale.

157 782 179 826 ὃ.
197 782 301 827 Jannar.
319 781 386 825 lata.
399 781 411 805 ⁸

412 1095 632 1152 Errsronn
654 1095 705 1151 LX
726 1097 908 1167 (onmnxrr).

401 1229 583 1286 Nobilissimo
604 1248 638 1285 ac
657 1228 827 1286 Doctiaaimo
856 1230 931 1288 Viro

297 1363 490 1420 EHRENFR.
512 1362 665 1419 WALTH.
687 1362 738 1418 DE
759 1361 1053 1426 TSCHIRNHAUS

599 1497 632 1554 B.
654 1515 682 1552 n.
704 1495 733 1552 S.

435 1631 590 1705 Responsio
611 1632 650 1687 ad
666 1631 884 1704 praecedentem.

247 1790 428 1847 Nobiliesime
456 1791 515 1861 Vir,

168 1923 250 1981 Inter
277 1924 373 1982 ideam
395 1944 494 1982 veram
515 1928 545 1981 et
565 1925 744 1998 adaequatam
765 1925 873 1982 nullam
897 1926 990 1985 aliam
1014 1930 1196 1989 differentiam

128 2024 265 2079 agnosce,
288 2024 374 2080 quam
397 2005 472 2079 quod
495 2024 599 2062 nomen
623 2003 691 2062 Veri
711 2004 847 2079 respiciat
867 2010 1084 2069 tantummodo
1105 2031 1195 2070 conre-

127 2084 266 2142 nientiam
287 2085 358 2143 ideae
379 2104 443 2142 cum
465 2105 517 2142 suo
539 2084 649 2155 ideat03
667 2104 771 2142 nomen
781 2085 940 2160 Adaequati
951 2094 1060 2148 autem
1072 2098 1196 2150 naturam

127 2164 199 2223 ideae
232 2166 263 2223 in
294 2185 324 2222 se
353 2165 431 2239 ipsa3
453 2165 506 2227 ,ita
538 2169 570 2221 ut
597 2184 699 2222 revera
727 2165 806 2222 nulla
826 2166 913 2222 detur
934 2167 1112 2229 differentia
1133 2173 1196 2229 inter

125 2245 219 2303 ideam
250 2266 348 2303 voram
378 2251 407 2302 et
429 2246 610 2319 adaequatam
630 2251 737 2319 praeter
758 2245 928 2303 relationem
949 2247 1037 2307 illam
1062 2253 1196 2310 extrinse-

126 2347 197 2383 cam.
231 2327 297 2383 darn
329 2331 434 2395 autem,
467 2331 499 2382 nt
520 2325 592 2382 scire
614 2325 729 2400 possim,
752 2346 789 2382 ex
811 2346 869 2400 qua
889 2326 933 2384 rei
955 2327 1028 2387 idea
1050 2352 1091 2389 ex
1112 2333 1198 2390 multis

125 2426 224 2464 omnes
263 2406 384 2480 subjecti
421 2406 613 2481 proprietates
644 2406 756 2480 possint
787 2405 897 2474 deduci,
932 2408 1059 2468 unicum
1093 2419 1198 2471 tantmn

125 2489 257 2552 observo,
278 2493 311 2543 ut
334 2507 368 2543 ea
389 2487 430 2543 rei
445 2486 509 2543 idea
520 2485 581 2543 sive
592 2485 719 2543 definitio
731 2505 846 2543 causam
857 2486 1039 2547 efficientem
1052 2494 1197 2568 exprimet.

124 2567 257 2640 Exempli
289 2567 392 2640 gratia,
425 2568 462 2624 ad
495 2565 594 2623 circuli
613 2565 805 2640 proprietates
825 2565 1058 2640 investigandas
1080 2573 1198 2648 inquiro,

124 2666 162 2703 an
184 2666 221 2702 ex
243 2647 297 2702 hac
319 2646 384 2702 idea
406 2646 513 2715 circuli,
537 2647 612 2720 quod
633 2646 742 2704 scilicet
761 2650 876 2704 constat
897 2666 936 2718 erg
946 2647 1077 2709 infinitis
1089 2660 1198 2712 rectan-

125 2725 209 2799 gulia,
231 2726 337 2800 possim
359 2745 456 2783 omnes
478 2727 538 2801 ejus
560 2726 754 2801 proprietates
764 2726 1062 2802 deducere;inquir0‚
1076 2733 1198 2808 inquam.

125 2826 162 2862 an
186 2807 248 2863 haec
270 2806 334 2863 idea
356 2826 472 2863 causam
494 2807 591 2864 circuli
614 2806 783 2864 efficientem
804 2806 946 2864 involvat.
967 2808 1056 2877 Quod
1069 2833 1200 2871 cnmnon

124 2887 184 2957 fiat,
217 2887 303 2944 aliam
335 2908 445 2961 quaero:
469 2907 571 2962 nempe
592 2888 667 2961 quod
689 2888 811 2944 circulus
832 2886 869 2942 sit
890 2887 1031 2960 spatium,
1056 2895 1136 2967 quod
1159 2896 1199 2951 de·

124 2967 258 3026 scribitur
279 2989 296 3025 a
316 2968 401 3037 linea,
423 2969 505 3043 cujus
526 2988 613 3025 unum
626 2973 763 3042 punctum
775 2971 819 3024 est
828 2968 925 3035 fixum,
939 2968 1069 3028 alterum
1083 2975 1200 3033 mobile:

124 3068 188 3105 cum
221 3050 281 3107 haec
312 3048 448 3105 Definitio
474 3050 534 3122 jam
563 3068 678 3105 causam
700 3047 870 3105 efficientem
891 3048 1050 3121 exprimat,
1074 3054 1137 3112 scio
1158 3074 1198 3111 me

124 3148 223 3185 omnes
244 3129 310 3185 inde
330 3148 415 3202 posse
437 3129 536 3185 circuli
556 3128 749 3203 proprietates
771 3127 918 3195 deducere,
932 3132 988 3186 etc.
1012 3129 1064 3189 Sic
1075 3153 1199 3212 quoque,

124 3228 187 3265 cunt
211 3209 301 3265 Deum
324 3208 428 3264 definio
450 3228 512 3264 esse
534 3209 593 3264 Ena
614 3229 723 3266 summe
743 3208 910 3282 perfectum,
934 3228 1061 3283 cumque
1084 3234 1120 3271 ea
1132 3216 1199 3272 defi·

125 3288 196 3345 nitio
229 3309 287 3345 non
315 3287 459 3362 exprimat
487 3307 602 3344 causam
624 3289 794 3346 efficientem
816 3286 958 3361 (intelligo
980 3289 1060 3348 enim
1084 3314 1200 3353 causam

125 3368 295 3425 efficientem
326 3374 384 3425 tam
417 3368 561 3424 internam
594 3389 679 3443 qnam
711 3371 883 3439 externam),
915 3387 973 3424 non
1000 3376 1109 3444 potero
1136 3375 1200 3432 inde

124 3468 223 3505 omnes
243 3448 297 3506 Dei
317 3447 509 3523 proprietates
531 3469 713 3523 exprornere3
727 3449 881 3523 etquidem
900 3467 964 3505 cum
981 3450 1092 3511 definio
1106 3456 1198 3513 Deum

124 3548 187 3585 esse
209 3530 277 3599 Ena,
300 3537 347 3586 etc.
371 3527 448 3600 (vide
470 3529 586 3586 Definit.
611 3532 637 3587 6.
660 3531 739 3588 Part.
764 3532 789 3587 1.
812 3528 949 3596 Ethices).

164 3609 306 3666 Caeterum
337 3610 371 3667 de
398 3609 522 3682 reliquis.
554 3609 686 3667 nimirum
708 3611 743 3667 de
765 3611 855 3677 Motu,
878 3628 997 3683 quaeque
1019 3612 1056 3668 ad
1081 3615 1198 3674 Metho-

155 3817 164 3834 “
184 3816 253 3860 Vera.
271 3814 340 3870 Belg.
