2662 4298
397 340 713 382 ramwardo-rourum
735 341 801 382 cnr.
823 342 853 382 v.
1128 328 1163 386 17

89 508 219 568 nationis
246 509 311 584 jure
342 508 465 584 amplius
496 511 678 578 tenebantur,
711 509 840 584 adeoque
867 509 904 567 iis
931 510 1048 581 licebat,
1072 533 1163 572 novas

87 590 169 665 leges
190 590 226 648 ad
247 589 359 648 libitum
381 589 502 659 sancire,
517 589 578 648 sive
593 609 670 647 nova
681 589 748 664 jura
759 589 942 660 constituere,
955 595 985 649 et
996 591 1160 668 imperium,

88 668 253 745 ubicunque
286 670 414 728 locorum
450 669 565 741 vellent,
601 673 708 739 tenere,
744 672 774 728 et
807 689 879 744 quas
913 675 1008 729 terras
1042 673 1159 739 vellent,

87 769 240 825 occupare.
272 750 411 808 Attamen
442 751 479 808 ad
510 749 580 808 nihil
608 749 703 807 minus
730 754 814 807 erant
834 749 904 825 apti,
927 770 1013 826 qnam
1037 753 1073 810 ad
1093 754 1160 828 jura

86 829 235 905 sapienter
264 828 504 899 constituendum,
537 834 567 888 et
597 829 747 905 imperium
776 849 864 904 penes
886 850 948 888 sese
969 832 1160 907 collegialiter

87 909 289 982 retinendum
311 909 390 968 rudis
410 910 470 968 fere
490 909 600 985 ingenii
621 928 719 967 omnes
740 915 833 977 erant,
855 915 885 967 et
899 911 1004 969 misera
1017 913 1160 973 servitute

86 990 220 1048 confecti.
252 989 409 1065 Imperium
439 989 530 1065 igitur
555 1010 644 1066 penes
664 1009 753 1048 unum
776 994 890 1048 tantum
911 1011 1028 1049 manere
1051 994 1158 1060 debuit,

87 1070 138 1144 qui
166 1070 281 1128 caeteris
300 1069 465 1146 imperaret,
487 1090 593 1146 eosque
614 1070 644 1127 vi
664 1073 790 1144 cogeret,
813 1070 911 1145 etqui
933 1071 1057 1148 denique
1079 1073 1159 1149 leges

86 1150 297 1225 praescriberet,
330 1155 359 1209 et
389 1149 576 1225 imposterum
608 1170 657 1208 eas
688 1150 938 1224 interpretaretur.
972 1153 1035 1210 Hoc
1062 1159 1158 1212 autem

86 1229 239 1305 imperium
273 1231 370 1288 Moses
402 1230 487 1289 facile
521 1231 646 1289 retinere
680 1229 783 1306 potuit,
819 1231 886 1305 quia
918 1231 1016 1290 divina
1049 1233 1158 1292 virtute

86 1330 175 1386 supra
207 1314 327 1370 caeteros
359 1311 527 1381 excellebat,
560 1315 589 1369 et
610 1330 641 1368 se
663 1330 725 1368 eam
747 1311 854 1368 habere
875 1311 981 1387 populo
1002 1313 1156 1387 persuasit,

86 1389 241 1465 multisque
264 1389 435 1449 testimoniis
456 1391 582 1449 ostendit
605 1390 681 1460 (vide
702 1389 795 1448 Exodi
818 1409 880 1466 cap.
898 1392 944 1449 14.
957 1410 1032 1450 vers.
1045 1393 1156 1465 ultimo,

85 1474 116 1528 et
138 1490 202 1545 cap.
228 1471 274 1528 19.
296 1490 371 1529 vers.
394 1472 450 1543 9.);
481 1470 506 1528 is
536 1471 644 1546 itaque,
677 1470 786 1528 virtute
817 1491 876 1546 qua
899 1471 1027 1546 pollebat
1048 1473 1155 1546 divina,
1209 1517 1218 1529 κ

82 1551 150 1626 jura
173 1570 228 1608 eon
244 1553 324 1609 titurt
344 1555 374 1609 et
394 1551 500 1626 populo
521 1550 705 1626 praescripsit.
729 1551 770 1608 At
792 1550 821 1608 in
843 1551 878 1609 iis
899 1571 1039 1610 summam
1058 1574 1157 1612 curam

85 1630 186 1706 gessit,
218 1635 252 1688 ut
283 1631 406 1706 populus
430 1650 488 1688 non
510 1636 570 1689 tam
592 1636 670 1689 metu
692 1651 779 1707 quam
801 1637 903 1706 sponte
925 1652 1008 1690 suum
1031 1635 1157 1693 officium

83 1711 211 1781 faceret3
247 1711 284 1769 ad
318 1710 394 1785 quod
428 1711 493 1769 haec
528 1711 584 1770 duo
617 1730 682 1768 eum
717 1711 840 1769 maxime
873 1714 1025 1786 cogebant,
1058 1714 1157 1790 populi

85 1791 196 1849 scilicet
217 1789 364 1866 ingenium
385 1795 542 1849 contumax
564 1791 650 1866 (quod
673 1792 734 1849 sola
755 1790 785 1850 vi
807 1791 871 1866 cogi
893 1812 951 1850 non
972 1793 1104 1868 patitur),
1127 1800 1157 1853 et

84 1871 200 1930 instans
233 1871 347 1942 bellum,
380 1871 439 1941 nbi,
472 1875 505 1929 ut
535 1891 582 1930 res
613 1890 750 1947 prospere
781 1872 894 1942 cedant,
927 1872 1032 1931 milites
1063 1875 1156 1949 magis
1253 1935 1257 1939 ,

83 1951 206 2021 hortari,
241 1971 327 2029 quam
358 1950 452 2027 poenis
478 1955 507 2010 et
536 1951 620 2010 minis
641 1951 776 2010 territare
798 1972 914 2010 neeesse
935 1958 995 2011 est:
1018 1953 1059 2011 sic
1080 1955 1156 2012 enim

82 2031 281 2107 unusquisque
318 2030 411 2106 magis
448 2033 546 2090 studet
586 2031 694 2090 virtute
733 2037 762 2090 et
794 2031 1034 2107 magnanimitate
1067 2035 1154 2093 animi

82 2113 203 2183 clarere,
236 2131 322 2186 quam
352 2111 522 2187 supplicium
548 2116 663 2190 tanturn
685 2111 786 2171 vitare.
810 2113 875 2170 Hac
896 2112 987 2187 igitur
1009 2114 1045 2171 de
1067 2134 1154 2173 causa

82 2193 179 2250 Moses
211 2191 320 2251 virtute
352 2196 381 2250 et
402 2193 485 2267 jussu
507 2191 604 2251 divino
626 2192 795 2266 religionem
819 2193 849 2249 in
871 2194 1087 2268 Rempnblicam
1109 2195 1153 2252 in-

82 2272 222 2340 troduxit,
256 2276 288 2330 ut
317 2273 441 2348 populus
465 2292 524 2331 non
544 2277 604 2331 tam
626 2292 663 2330 ex
684 2276 763 2330 metu
784 2293 871 2348 quarn
894 2273 1047 2331 devotione
1070 2294 1152 2332 suum

82 2352 208 2411 officium
239 2352 356 2410 faceret.
390 2352 498 2410 Deinde
529 2372 578 2411 eos
608 2352 754 2411 beneficiis
785 2352 934 2427 obligavit,
961 2357 990 2410 et
1012 2353 1153 2412 divinitus

81 2434 174 2491 multa
205 2432 236 2490 in
266 2432 395 2490 futurum
426 2433 566 2507 promisit,
600 2453 652 2491 nec
673 2433 752 2507 leges
774 2433 925 2490 admodum
948 2452 1065 2492 severas
1088 2455 1152 2492 san-

82 2513 169 2581 civit;
195 2512 271 2588 quod
293 2512 498 2588 unusquisque,
522 2514 572 2588 qui
592 2513 627 2570 iis
648 2513 767 2583 studuit,
791 2513 874 2571 facile
896 2515 979 2571 nobis
1004 2515 1151 2583 concedet,

81 2593 228 2668 praecipue
249 2592 274 2650 si
295 2592 332 2650 ad
354 2592 592 2662 circumstantias,
616 2613 680 2668 quae
703 2594 739 2651 ad
761 2593 885 2669 aliquem
906 2614 987 2652 reum
1010 2595 1152 2653 damnan-

82 2675 150 2731 dum
182 2672 411 2748 requirebantur,
446 2673 611 2732 attenderit.
645 2674 783 2748 Denique,
817 2679 850 2731 ut
880 2675 1011 2749 populus,
1037 2675 1086 2751 qui
1108 2676 1153 2734 sui

79 2752 154 2828 juris
188 2772 252 2811 esse
285 2773 344 2810 non
378 2757 502 2828 poterat,
538 2755 574 2811 ab
610 2773 659 2811 ore
694 2754 863 2828 imperantis
899 2755 1046 2831 penderet,
1080 2756 1153 2814 nihil

82 2832 246 2891 hominibus
267 2832 376 2891 scilicet
397 2833 531 2891 servituti
552 2833 674 2891 assuetis
696 2834 732 2891 ad
754 2833 866 2892 libitum
888 2854 975 2908 agere
993 2836 1150 2905 concessit3

81 2913 153 2971 nihil
185 2912 261 2971 enim
291 2914 415 2988 populus
445 2933 533 2987 agere
564 2919 688 2989 poterat,
715 2914 783 2989 quin
803 2914 887 2972 simul
907 2921 1056 2973 teneretur
1077 2917 1152 2991 legis

81 2993 236 3064 recordari,
269 2997 298 3051 et
328 2994 465 3051 mandata
496 2994 608 3069 exequi,
633 3014 695 3068 quae
717 3015 734 3052 a
755 2995 815 3051 solo
837 2994 1007 3070 imperantis
1030 2996 1152 3055 arbitrio

80 3073 263 3148 pendebant;
295 3092 352 3131 non
384 3073 459 3131 enim
491 3075 526 3131 ad
558 3074 679 3143 libitum,
711 3075 761 3132 sed
794 3076 951 3133 secundum
985 3081 1096 3134 certum
1122 3082 1151 3135 et

81 3153 304 3211 determinatum
322 3154 434 3228 jussum
456 3154 529 3228 legis
549 3154 655 3212 licebat
675 3174 767 3221 arare,
783 3155 934 3226 seminare,
950 3161 1067 3226 metere,
1080 3156 1151 3214 item

80 3253 135 3292 nec
160 3232 267 3308 aliquid
289 3234 444 3304 comedere,
467 3234 595 3308 induere,
620 3255 714 3310 neque
735 3240 822 3309 caput
843 3240 872 3293 et
893 3237 1013 3293 barbam
1035 3236 1149 3308 radere,

81 3333 175 3390 neque
195 3313 297 3384 laetari,
319 3333 372 3371 nec
393 3315 522 3372 absolute
545 3315 650 3390 aliquid
675 3334 763 3390 agere
784 3314 897 3385 licebat,
920 3314 976 3372 nisi
990 3316 1151 3373 secundum

77 3395 160 3469 jussa
190 3397 220 3452 et
252 3394 439 3451 mandatam
460 3394 573 3468 legibus
593 3395 776 3471 praescripta;
800 3413 853 3451 neo
874 3395 928 3451 hoo
949 3398 1073 3465 tantum,
1099 3396 1150 3452 sed

80 3472 168 3531 etiam
197 3473 228 3531 in
258 3474 397 3548 postibus,
429 3475 569 3546 manibus
606 3481 635 3533 et
665 3476 741 3533 inter
772 3474 868 3532 oeulos
899 3473 983 3548 signa
1013 3474 1149 3548 quaedam

80 3555 187 3613 habere
208 3555 391 3624 tenebantur,
413 3574 478 3629 quae
499 3575 548 3613 eos
569 3575 682 3631 semper
702 3554 894 3613 obedientiam
915 3559 1074 3613 monerent.
1092 3555 1150 3614 Hic

78 3632 170 3708 igitur
201 3653 304 3710 scopus
332 3635 568 3693 caeremoniarum
588 3635 651 3708 luit,
674 3640 707 3693 ut
727 3634 858 3693 homines
878 3634 950 3693 nihil
971 3655 1009 3693 ex
1029 3636 1149 3711 proprio

79 3714 205 3784 decreto,
237 3715 287 3772 sed
318 3714 414 3772 omnia
445 3735 483 3773 ex
503 3716 639 3773 mandato
660 3715 779 3774 alterius
800 3721 930 3789 agerent,
952 3720 981 3774 et
1003 3716 1151 3774 continuis

80 3793 241 3852 actionibus
272 3799 301 3852 et
331 3794 565 3854 meditationibus
596 3797 765 3866 faterentur,
799 3815 830 3852 se
861 3795 932 3853 nihil
953 3814 1072 3876 prorsus
1095 3796 1150 3866 sui,

125 3891 164 3949 II.
1012 3895 1029 3951 2
