2662 4298
565 167 704 208 11111111
723 170 775 211 xx.
968 165 969 169 ’
1080 215 1082 220 ,
1145 148 1203 211 269

75 317 118 377 Η*
174 333 223 392 Ex
243 332 327 392 dictis
347 333 432 392 valde
453 333 555 392 durum
577 333 647 391 mihi
667 334 792 406 videtur,
815 335 890 411 quod
912 335 1068 411 improprie
1090 340 1207 396 tantum

75 397 167 473 ΕΙ’111
187 414 280 472 Deum
300 433 420 489 peccare
441 413 584 489 possimus
605 413 676 473 dici:
698 415 745 474 cui
766 415 842 474 enim
863 415 905 474 rei
926 415 996 474 data
1015 415 1098 474 nobis
1109 417 1208 476 volun-

88 487 227 555 ,tatem
259 493 337 552 intra
367 493 474 552 limites
494 494 658 553 intellectus
679 495 846 554 continendi
866 495 998 571 potentia
1019 496 1150 569 inservit,
1173 498 1207 568 si,

75 562 184 651 Fabi
206 593 269 632 eam
291 574 530 649 transgredimur,
552 578 654 633 contra
675 595 739 634 eum
753 595 904 652 peccamus
916 575 1067 634 ordinem?
1079 577 1207 652 Regeres

75 652 119 691 '³¹
131 654 219 727 forte,
251 655 280 712 id
313 674 370 712 nou
396 673 459 712 esse
479 658 629 730 peccatum
650 654 681 713 in
702 657 803 728 Deum,
826 656 926 715 sedin
949 676 1002 714 nos
1021 657 1117 734 ipsos:
1140 677 1208 716 nam

79 733 159 794 §si
179 734 296 811 proprie
316 754 388 810 erga
408 736 500 793 Deum
522 754 641 810 peccare
662 735 830 808 diceremur,
854 737 941 795 etiam
956 736 1107 796 dicendum
1120 743 1206 810 esset,

75 816 113 872 S*
131 813 242 890 aliquid
263 820 366 874 contra
387 814 442 873 Dei
463 815 642 873 voluntatem
653 816 715 874 fieri
725 839 731 887 ;
743 817 817 891 quod
830 817 913 886 iuxta
924 821 953 875 te
965 827 1008 874 est
1018 817 1205 892 impossibile,

75 896 109 969 '3¹
131 913 205 970 ergo
226 894 313 953 etiam
333 899 493 971 peccatum.
515 895 636 953 Interim
657 896 828 955 alterutrum
851 916 950 955 verum
972 897 1138 956 sitneces'se
1150 903 1204 971 est,

75 978 102 1051 ἔ
130 974 226 1034 Deum
247 975 294 1033 vel
315 976 396 1043 velle,
415 975 461 1033 vel
471 976 556 1034 nolle.
569 975 599 1034 Si
609 976 680 1048 vult,
693 977 834 1052 quomodo
845 976 939 1035 nostri
950 981 1084 1052 respectu
1096 979 1204 1037 malum

75 1060 101 1101 ¹¹
131 1074 197 1114 osse
226 1059 348 1131 potest?
381 1055 411 1113 Si
444 1075 502 1113 non
520 1056 605 1126 vult,
637 1055 675 1121 id,
708 1076 746 1115 ex
776 1061 827 1115 tua
858 1056 1001 1132 opinione,
1031 1077 1089 1115 non
1110 1059 1202 1118 fieret.

75 1144 96 1183 ἓ·
132 1135 273 1206 Quamvis
305 1140 402 1194 autem
431 1137 485 1194 hoc
505 1135 641 1211 aliquam,
663 1141 697 1195 ut
717 1142 768 1195 tua
788 1137 846 1195 fert
866 1137 1020 1208 sententia,
1042 1137 1204 1197 involveret
1318 1203 1322 1207 ,

75 1225 93 1264 1·
128 1216 351 1288 absurditatem,
381 1215 537 1291 praedictas
557 1221 656 1274 tamen
676 1217 872 1276 absurditates
892 1217 1045 1276 admittere
1065 1218 1204 1293 periculo·

79 1307 89 1362 ,1
129 1293 275 1355 sissimum
319 1296 443 1355 videtur.
484 1296 554 1366 Quis
588 1296 679 1368 novit,
717 1297 741 1354 si
772 1297 859 1356 anxie
889 1297 1073 1373 inquirerem,
1106 1319 1204 1358 annon

75 1391 82 1427 1
128 1376 292 1447 remedium
312 1381 412 1452 posset
431 1376 556 1434 inveniri
577 1376 624 1435 his
644 1376 741 1453 aliquo
762 1378 846 1436 modo
867 1377 1062 1437 conciliandis.
1113 1420 1124 1430 .

75 1482 77 1506 ε
173 1457 271 1533 Atque
286 1457 327 1515 111
347 1461 406 1515 tuae
427 1456 555 1532 epistolae
576 1476 697 1516 examen
717 1457 803 1533 juxta
823 1458 964 1534 Regulam
976 1478 1069 1517 meam
1079 1458 1202 1534 primam

75 1564 77 1570 ·
129 1537 296 1612 generalem
328 1536 442 1595 finiam:
474 1542 630 1613 antequam
652 1557 721 1596 vero
742 1538 779 1596 ad
801 1558 923 1596 examen
941 1539 1025 1614 juxta
1046 1539 1202 1598 secundam

128 1617 273 1692 Regulam
306 1617 450 1689 accedam,
480 1617 536 1675 duo
557 1618 651 1676 adhuc
671 1637 841 1694 proponam,
864 1638 929 1695 quae
951 1619 1101 1694 epistolam
1122 1624 1202 1678 tuam

127 1701 274 1772 spectant,
308 1717 431 1774 quaeque
463 1697 604 1772 scripsisti
634 1698 730 1757 Princ.
764 1699 845 1758 Part.
878 1700 904 1758 1.
937 1699 1024 1775 Prop.
1048 1700 1095 1758 15.
1117 1699 1202 1759 Prius

129 1781 186 1849 est,
218 1778 293 1853 quod
325 1777 461 1848 affirmas,
493 1797 545 1836 noa
570 1786 737 1853 potestatem
769 1781 878 1837 uolendi
904 1787 929 1837 et
942 1782 1102 1854 judicandi
1122 1783 1202 1838 111111

129 1859 235 1916 11111111
254 1860 408 1917 intellectus
428 1861 549 1916 retinere
563 1877 665 1934 poree:
680 1859 754 1933 quod
770 1858 901 1917 absolute
912 1860 1068 1917 concedere
1080 1879 1199 1935 nequeo.

128 1937 206 1996 Nam
216 1939 271 1997 hoc
282 1937 307 1996 si
316 1939 393 1996 foret
404 1957 513 2009 verum,
526 1943 604 1996 certe
615 1957 651 1996 ex
660 1938 918 1997 innumerabilibus
925 1939 972 1996 vel
980 1959 1054 1997 unus
1062 1939 1200 2014 reperire·

127 2021 182 2076 tur
201 2018 295 2090 homo,
317 2017 367 2094 qui
387 2037 418 2077 se
439 2038 474 2076 ea
493 2017 648 2094 praeditum
658 2022 804 2094 potestate
814 2019 992 2077 ostenderet:
1006 2019 1091 2077 etiam
1104 2019 1201 2095 quivis
1232 2023 1234 2028 ’

129 2097 209 2174 apud
230 2118 261 2157 se
282 2098 408 2174 experiri
428 2103 534 2174 potest,
557 2118 596 2169 se,
621 2103 745 2174 quantas
766 2098 852 2156 etiam
873 2099 1022 2174 impendat
1035 2098 1121 2172 vires,
1134 2119 1198 2157 eum

127 2197 249 2253 scopum
271 2178 416 2255 attingere
436 2198 495 2237 non
515 2198 608 2254 posse.
629 2179 668 2236 Et
688 2178 712 2237 si
734 2178 798 2254 quis
819 2179 855 2237 de
876 2180 930 2237 hoc
946 2179 1064 2254 negotio
1075 2179 1197 2250 dubitat,

80 2281 84 2287 ·
129 2257 257 2333 seipsum
285 2260 440 2329 examinet,
463 2259 575 2334 quoties
594 2259 686 2317 invito
707 2258 856 2317 intellectu
876 2259 1025 2334 passiones
1047 2259 1198 2318 Rationem

129 2357 213 2397 suam
244 2338 372 2412 vincant,
407 2339 494 2398 etiam
525 2343 586 2397 tum
607 2359 695 2415 quum
716 2339 835 2398 summis
855 2339 996 2399 obnititur
1016 2339 1135 2399 viribus.
1157 2341 1199 2399 At

129 2419 218 2491 dices,
240 2420 315 2495 quod
336 2421 391 2479 hoc
412 2419 507 2479 minus
524 2424 706 2495 praestamns,
718 2440 776 2478 non
787 2425 840 2492 est,
852 2420 921 2497 quia
931 2421 1014 2479 nobis
1024 2420 1199 2497 impossibile

129 2502 188 2570 est,
222 2500 272 2558 sed
298 2500 366 2576 quia
387 2500 575 2558 sufficientem
596 2520 656 2559 non
676 2500 845 2559 adhibemus
865 2500 1064 2576 diligentiam;
1085 2517 1197 2577 rogero,

128 2580 217 2655 quod,
250 2579 275 2638 si
305 2582 360 2639 hoc
391 2579 526 2656 possibile
550 2585 635 2655 esset,
663 2581 766 2639 saltem
787 2600 824 2639 ex
845 2585 890 2639 tot
910 2581 1036 2640 millibus
1056 2583 1103 2641 vel
1123 2602 1198 2641 unus

127 2659 327 2728 inveniretur;
350 2660 399 2719 sed
421 2680 458 2718 ne
478 2680 553 2719 unus
574 2661 699 2719 omnium
721 2661 867 2720 hominum
889 2662 1011 2733 exstitit,
1027 2663 1074 2722 vel
1088 2662 1197 2734 existit,

128 2738 184 2816 qui'
212 2740 331 2803 auderet
364 2740 491 2816 gloriari,
524 2760 554 2798 se
584 2740 614 2798 in
646 2761 759 2800 errores
791 2742 868 2800 haud
892 2742 1034 2801 incidisse.
1057 2743 1197 2813 Quaenam

127 2839 198 2878 vero
230 2821 317 2896 hujus
347 2821 389 2879 rei
421 2821 555 2892 certiora,
590 2840 675 2898 quam
706 2821 770 2896 ipsa
791 2822 929 2897 exempla,
951 2828 1074 2898 possunt
1094 2820 1198 2880 adduci

127 2905 324 2975 argumenta?
346 2901 375 2959 Si
395 2900 481 2976 pauci
502 2906 607 2972 essent,
629 2921 704 2960 unus
724 2905 816 2972 esset;
836 2903 896 2977 jam
916 2922 986 2961 vero
1001 2922 1091 2978 quum
1102 2901 1198 2958 nullus

127 2979 178 3051 sit,
209 2981 289 3039 nulla
318 2981 381 3057 ejus
413 3000 528 3057 quoque
559 2981 645 3040 datur
677 2981 817 3058 probatio.
849 2982 976 3040 Instabis
1008 2988 1038 3040 et
1059 2981 1144 3048 dices,
1167 2979 1197 3037 Si

126 3059 194 3119 fieri
219 3066 324 3136 potest,
346 3066 379 3120 ut
397 3061 536 3137 judicium
558 3062 768 3137 suspendendo,
790 3067 821 3120 et
840 3062 1019 3120 voluntatem
1041 3061 1119 3119 intra
1139 3064 1195 3117 ter·

126 3140 221 3199 minos
251 3141 413 3200 intellectus
445 3141 627 3213 continendo,
659 3142 755 3214 semel,
788 3161 825 3199 ne
845 3160 947 3212 errem,
969 3141 1082 3200 efficere
1103 3158 1195 3214 queo;

127 3241 227 3296 quare,
253 3222 300 3280 ubi
323 3222 443 3280 eandem
464 3222 586 3281 adhibeo
608 3221 797 3296 diligentiam,
819 3240 932 3296 semper
952 3220 981 3278 id
1003 3222 1116 3279 efficere
1137 3239 1196 3277 non

126 3305 263 3377 possem?
294 3302 474 3378 Respondeo,
508 3321 553 3360 me
584 3301 683 3360 videre
707 3321 764 3359 non
786 3320 878 3376 posse,
902 3320 955 3359 nos
976 3300 1061 3359 hodie
1081 3305 1196 3359 tantum

127 3381 233 3440 virium
254 3383 370 3455 habere,
392 3382 476 3442 utin
498 3402 531 3440 eo
553 3401 666 3457 semper
685 3399 917 3456 perseveremus;
940 3381 1028 3438 semel
1041 3389 1100 3439 una
1114 3382 1194 3451 hora,

127 3462 244 3537 quando
265 3482 364 3521 omnes
384 3463 503 3522 intendo
524 3481 637 3531 nervos,
659 3461 715 3519 iter
736 3461 857 3519 duorum
878 3459 1042 3518 milliarium
1056 3462 1196 3520 conficere

126 3541 204 3618 potis
235 3563 306 3615 sum,
339 3559 440 3602 verum
470 3562 583 3618 semper
613 3542 641 3600 id
672 3546 813 3617 praestare
843 3561 900 3599 non
930 3559 1063 3615 possum;
1087 3543 1130 3601 ita
1150 3560 1195 3599 me

127 3642 238 3682 summo
270 3624 364 3682 studio
397 3626 433 3682 ab
465 3642 562 3681 errore
593 3624 681 3682 semel
702 3641 880 3697 praeservare
899 3639 1025 3695 possum,
1047 3623 1097 3681 sed
1118 3621 1195 3681 vires
