2662 4298
1131 315 1175 354 VII

106 488 140 542 ut
159 487 204 542 est
223 483 255 541 in
274 484 414 542 Tractatu
433 482 554 542 Politico
576 488 654 553 (tom.
677 484 700 542 I.
722 503 750 559 p.
773 485 841 543 294.
857 503 900 542 vs.
916 484 986 557 37.)‚
1002 482 1051 541 ubi
1064 482 1171 558 legitur

106 591 158 648 sed
175 590 262 666 quod,
283 589 464 664 praeccdente
483 588 514 647 in
535 593 660 665 utroquo
680 591 742 648 loco
762 591 866 649 vocula
887 592 922 649 st.

145 696 306 754 Dolendum
326 696 440 771 quidem
461 701 505 754 est
526 697 601 771 quod
624 697 747 772 Spinoza
766 697 797 754 in
818 696 987 771 quibusdam
1007 701 1037 755 et
1057 696 1116 754 suis
1136 701 1165 755 ct

107 802 226 861 aliorum
256 802 391 879 Epistolis
421 803 616 862 describendis
636 803 712 861 diem
733 808 762 863 ct
783 823 890 862 annum
911 803 1014 877 omisit,
1035 807 1165 861 attamen

108 911 143 968 de
161 910 231 968 locis
251 910 373 985 singulis
388 909 517 985 epistolis
531 909 715 985 assignandis
729 909 780 968 vix
794 914 857 968 erat
871 909 946 985 quod
961 909 1173 968 dubitaremus.

146 1017 304 1093 Epistolam
324 1017 380 1074 XV
401 1021 510 1092 quanto
531 1015 694 1075 accuratius
715 1016 898 1092 descripserit
919 1015 1087 1074 Fredericus
1104 1017 1169 1075 Pol·

107 1125 172 1182 look
193 1144 278 1200 quam
299 1124 366 1182 olim
385 1125 494 1182 fecerat
514 1123 616 1182 Victor
636 1123 743 1183 Oousin
762 1124 792 1181 in
812 1124 1053 1198 Fragmentorum
1079 1123 1173 1183 Philo·

107 1229 288 1306 sophicorum
308 1231 365 1289 vol.
386 1231 441 1301 III,
472 1235 539 1306 post
557 1231 644 1306 hujus
665 1229 819 1288 editionem
839 1249 931 1304 nuper
950 1229 981 1286 in
1002 1228 1169 1304 Ginsbcrgii

106 1337 259 1396 voluminis
279 1338 323 1395 IV
343 1337 501 1412 appendice
521 1336 674 1412 repetitam
696 1336 788 1394 denuo
810 1340 940 1411 apparet.
1014 1353 1020 1363 ·

146 1445 230 1503 Itlam
253 1464 320 1503 vero
341 1446 376 1503 de
397 1444 477 1502 obitu
498 1443 628 1517 Oartesii,
644 1444 679 1502 de
693 1443 793 1518 quain
807 1463 884 1501 nova
897 1446 997 1501 nostra
1008 1442 1169 1502 Havniensi

108 1558 147 1628 (p.
169 1554 249 1626 359.)
271 1572 364 1610 sermo
385 1556 438 1623 est,
463 1556 624 1627 opportune
643 1550 728 1609 nobis
748 1550 870 1626 praebuit
890 1552 920 1609 J.
941 1551 969 1608 J.
992 1550 1171 1610 Cornelissen

106 1660 256 1718 literarum
277 1658 445 1717 Latinarum
466 1659 619 1734 professor,
641 1678 678 1716 ex
699 1658 812 1716 schedis
836 1677 908 1733 quas
928 1658 1169 1733 forteperlustra·

108 1770 160 1825 bat
179 1765 365 1824 Leidensibus
386 1770 513 1836 crutam3
545 1785 609 1824 eam
628 1765 659 1823 in
679 1764 796 1823 ultimas
815 1764 882 1823 libri
902 1765 1024 1840 paginas
1044 1765 1171 1841 recipere

108 1872 295 1932 decrevimus,

149 1979 294 2038 Sermonis
315 1978 420 2038 Batavi
440 1999 522 2037 usum
545 1999 629 2054 quem
649 1977 773 2055 Spinoza
793 1977 935 2052 habuerit,
956 1977 1049 2037 visum
1070 1984 1171 2039 estex

108 2087 299 2162 autographis
329 2091 358 2144 61
388 2085 495 2144 veteris
525 2085 659 2144 editionis
688 2085 759 2143 locis
789 2085 984 2160 singularibus
1012 2085 1168 2144 illustrare.

109 2193 145 2250 In
175 2193 230 2251 hac
256 2192 340 2263 enim,
373 2194 467 2268 quoad
488 2193 550 2268 ejus
570 2212 622 2268 per
642 2191 793 2266 elegantiae
814 2190 940 2249 studium
960 2190 1024 2250 ficri
1043 2195 1168 2266 poterat,

107 2299 235 2358 auctoris
254 2301 344 2358 verba
364 2304 481 2358 servata
502 2297 607 2358 sunt1.

141 2559 148 2586 ¹
181 2559 350 2617 Interpretem
362 2558 473 2616 Operum
481 2556 679 2602 Posthumorum
689 2556 785 2601 chartis
794 2555 910 2614 Spinozae
920 2555 989 2601 Mss
998 2556 1085 2614 potius
1095 2568 1171 2613 quam

106 2646 180 2706 prelo
205 2647 333 2705 expressis
355 2659 430 2690 usum
446 2659 511 2701 esse,
536 2648 562 2690 et
577 2658 623 2703 per
641 2644 798 2702 autographa
816 2644 910 2689 Batava
925 2643 1174 2689 Amstelodamensia

108 2735 240 2793 probatur,
263 2736 289 2780 61
306 2735 384 2779 etiam
400 2736 494 2792 praeter
510 2733 649 2791 Epistolas,
671 2733 714 2778 ubi
732 2746 781 2777 non
799 2733 848 2777 nisi
864 2732 956 2778 Latina
972 2732 1095 2789 habebat,
1111 2734 1174 2779 veri-

107 2824 191 2870 simile
213 2824 287 2870 nobis
303 2824 412 2878 videtur,
429 2836 480 2868 non
497 2821 660 2867 obstantibus
677 2822 709 2867 iis
726 2835 783 2879 quoe
801 2823 932 2867 annotarit
948 2821 1055 2879 Sigwcrt
1072 2823 1103 2867 de
1115 2822 1175 2867 Eth.

107 2913 149 2958 IV.
166 2925 237 2970 prop.
254 2911 339 2958 LXVI.
357 2912 434 2968 (Gdtt.
453 2911 504 2956 cer.
522 2912 583 2955 Aac.
602 2910 670 2954 1882.
688 2911 723 2955 st.
739 2911 777 2956 42.
794 2925 817 2969 p.
836 2910 913 2967 13131.
945 2911 1009 2956 Nam
1026 2911 1070 2955 ubi
1089 2914 1115 2956 et
1131 2910 1174 2956 ille

106 3005 134 3047 et
149 3001 210 3046 libri
225 3001 311 3047 Latini
328 3001 440 3046 editores
456 3001 540 3045 locum
557 2999 688 3045 turbatum
704 3000 783 3045 variis
800 3000 891 3056 modis,
908 3001 957 3046 6161
969 3000 1074 3055 frustra,
1092 3013 1174 3045 ernen-

107 3092 169 3136 dare
186 3091 271 3136 conati
288 3093 355 3147 sunt,
380 3090 543 3135 manifestum
560 3091 608 3144 est,
624 3090 650 3133 in
668 3089 763 3134 chortis
781 3089 877 3147 aliquid
894 3089 1002 3134 obscure
1023 3090 1115 3147 scripti
1132 3089 1173 3134 vel

105 3179 207 3225 macula
223 3178 333 3224 obsoleti
350 3179 491 3225 exstitisse.
