2662 4298
554 355 689 397 nrrsrona
712 356 784 396 oxu.
1082 360 1086 371 ·
1110 348 1113 354 ’
1150 338 1208 395 389

136 523 209 581 1111111
238 523 421 598 postmodum
454 523 596 581 tradenda
617 527 706 582 curet.
728 523 788 581 Nee
808 543 881 598 opus
900 522 988 581 fuerit
1008 524 1098 580 verba
1119 523 1153 580 de
1174 542 1208 581 eo

134 604 243 674 facere,
265 603 354 675 libros
375 603 484 661 scilicet
504 603 665 661 istiusmodi
685 603 721 661 ad
742 623 787 661 me
808 602 897 661 fuisse
917 602 1113 661 transmissos:
1130 603 1208 660 dum-

135 685 222 742 modo
244 683 318 741 enim
341 683 370 741 in
392 688 566 759 potestatem
587 703 679 741 meam
700 687 764 741 tuto
778 683 973 758 pervenerint,
988 683 1084 740 nullus
1098 682 1206 753 dubito,

134 763 208 838 quin
239 765 417 821 commodum
449 763 518 822 mihi
549 765 678 821 futurum
702 763 748 833 sit,
771 783 820 821 eos
841 763 940 822 amieis
961 762 1031 820 meis
1052 762 1206 821 hincinde

135 843 337 914 distribuendi,
367 844 533 919 justumque
564 863 616 918 pro
647 843 682 901 iis
706 843 829 918 pretium
851 843 1051 919 consequendi.
1074 844 1154 912 Vale,
1177 848 1207 901 et

132 925 251 999 quando
273 924 421 982 vacaverit
441 923 565 982 rescribe

697 1004 752 1062 rui·
773 1006 986 1062 Studiosissimo

854 1084 952 1142 Hane.
975 1083 1164 1141 Oromenus.

169 1164 287 1223 Londini,
306 1165 343 1209 22.
362 1165 422 1210 Julii
442 1165 509 1211 1675.

409 1362 432 1419 E
445 1381 462 1418 Ρ
473 1381 484 1418 1
496 1381 509 1418 s
521 1380 536 1417 r
548 1379 565 1418 o
577 1380 594 1417 1
605 1379 625 1417 a
646 1359 744 1417 LXIII
766 1361 844 1430 (omn
860 1360 930 1432 axv).

349 1479 592 1536 Proeatuutissimo
613 1476 840 1551 Acutisso‘moque
862 1475 1031 1551 Philosopho

601 1583 634 1640 B.
657 1601 685 1638 o,
708 1581 736 1639 S.

471 1689 506 1747 G.
528 1688 870 1747 [assuuntur.

168 1796 319 1855 EpIstolam,
338 1797 364 1840 in
382 1795 494 1840 editIone
512 1793 577 1854 Opp.
593 1795 689 1851 Posth,
707 1795 738 1840 ab
755 1796 811 1854 Ipso
830 1799 940 1851 auctore,
957 1798 987 1841 ut
998 1796 1106 1849 videtur,
1119 1796 1202 1840 admo·

134 1859 196 1904 dum
214 1861 368 1914 truncatam,
385 1871 416 1902 ex
434 1856 599 1915 autographo,
617 1857 685 1916 quod
701 1871 780 1915 penes
798 1858 932 1903 ecclesiam
945 1858 1203 1917 Teleiobaptistarum

135 1920 404 1966 Amstelodamensem
423 1923 470 1976 est,
487 1921 613 1977 mtegram
629 1920 776 1978 repetimus.

221 2011 274 2067 Ve'r
297 2009 477 2066 It'otz'lissdnc
499 2028 533 2065 uo
555 2009 800 2079 Proeetoutissime,

173 2116 378 2173 Erubescerem
411 2117 446 2172 ob
478 2114 644 2172 diuturnum
672 2114 813 2172 hactenus
834 2113 978 2173 silentium
999 2133 1102 2187 meum,
1126 2115 1201 2173 unde

131 2215 186 2271 pro
216 2195 317 2253 favore
348 2194 595 2253 aBenevoIentia
616 2195 678 2252 Tua
699 2194 769 2252 mihi
789 2194 931 2252 immerito
952 2194 1082 2252 exhibito
1103 2194 1200 2269 ingra-

131 2275 265 2333 tItudinis
298 2275 428 2333 accusari
457 2294 580 2349 possem,
605 2274 660 2332 nisi
681 2278 710 2332 et
731 2274 896 2349 cogitarem,
920 2293 1088 2350 generosam
1110 2276 1200 2332 Tuam

131 2355 342 2413 humanitatem
364 2356 399 2412 ad
420 2356 615 2422 excusandum
636 2354 732 2429 potius
750 2374 834 2429 quam
848 2354 1037 2413 incusandum
1052 2354 1198 2426 inclinare,

130 2440 161 2494 et
191 2435 301 2506 scirem,
334 2436 454 2493 eandem
485 2455 538 2511 pro
570 2434 713 2493 communi
744 2435 910 2493 Amicorum
934 2436 1016 2493 Bono
1037 2440 1097 2493 tam
1118 2435 1200 2493 seriis

130 2535 237 2574 vacare
257 2515 499 2584 meditationibus,
521 2515 620 2590 quales
641 2515 703 2573 sine
723 2515 834 2573 sontica
854 2517 973 2573 turbare
994 2535 1090 2584 eausa,
1107 2515 1198 2574 eidem

131 2595 247 2654 noxium
278 2600 364 2671 atque
395 2596 563 2654 damnosum
594 2596 678 2654 foret.
707 2596 788 2654 Hane
808 2595 908 2671 itaque
929 2598 965 2654 ob
987 2615 1103 2654 causam
1124 2595 1197 2667 silui,

129 2681 284 2734 contentus
305 2696 341 2734 ex
362 2676 471 2734 Amicis
482 2691 657 2752 'prosperam
678 2677 770 2735 Tuam
790 2676 986 2735 valetudinem
1007 2676 1118 2735 interea
1136 2697 1198 2752 per-

129 2756 234 2831 cipere,
256 2756 306 2814 sed
326 2776 378 2831 per
398 2762 558 2831 praesentes
578 2756 741 2831 significare
762 2756 848 2827 nitor,
870 2757 969 2815 eedem
990 2757 1198 2815 nobilissimum

129 2836 252 2894 amicum
284 2842 415 2894 nostrum
445 2837 512 2894 Dum
542 2837 577 2894 de
608 2836 843 2895 Tschirnhausen
871 2837 1019 2895 nobiseum
1040 2837 1069 2894 in
1091 2837 1199 2911 Anglie

128 2916 224 2975 adhuc
255 2916 321 2988 frui,
350 2916 399 2991 qui
426 2921 471 2974 ter
491 2916 522 2973 in
542 2916 603 2974 suis
623 2919 708 2992 (quas
728 2917 765 2974 ad
786 2936 832 2974 me
853 2916 932 2974 dedit
951 2917 1054 2991 literis)
1076 2917 1199 2974 Domino

128 3017 183 3055 sua
213 2997 307 3055 officia
338 3015 402 3055 eum
435 2997 527 3055 salute
558 2996 716 3054 honorifica
747 2995 888 3071 impertiri
909 2996 1004 3071 jussIt,
1026 3016 1072 3054 me
1092 2996 1198 3054 iterato

131 3096 247 3151 rogans,
280 3082 312 3134 ut
343 3076 522 3152 sequentium
553 3076 702 3134 dubiorum
734 3076 904 3135 solutionem
925 3076 979 3134 tibi
998 3096 1197 3151 proponerem,

129 3156 301 3233 insimulque
316 3158 352 3216 ad
368 3177 401 3215 ea
416 3157 630 3232 responsionem
645 3156 836 3214 desideratam
851 3161 1035 3231 expeterem:
1048 3156 1198 3227 Nimirum,

131 3257 199 3294 num
220 3238 348 3312 placeret
368 3237 490 3295 Domino
512 3236 756 3295 demonstratione
777 3236 874 3312 aliqua
895 3236 1050 3307 ostensiva,
1073 3237 1200 3295 sednon

129 3317 165 3374 ad
197 3317 371 3392 impossibile
402 3317 560 3376 deducente
592 3317 771 3387 convincere,
796 3316 856 3375 Nos
876 3336 935 3374 11011
954 3336 1038 3392 posse
1059 3317 1143 3392 plura
1163 3317 1199 3374 de

129 3398 190 3456 Deo
222 3397 364 3456 attributa
394 3417 567 3473 cognoscere
599 3417 683 3472 quam
709 3396 913 3472 cogitationem
935 3402 966 3455 et
986 3396 1198 3468 0110001011οιος

128 3482 270 3552 praeterea
290 3498 359 3535 num
379 3477 446 3536 inde
467 3482 612 3552 sequatur,
636 3477 710 3552 quod
733 3482 884 3548 creaturae,
900 3497 964 3552 quae
976 3476 1039 3548 aliis
1049 3476 1199 3535 attributis

129 3563 272 3628 constant,
304 3564 423 3616 econtra
444 3559 551 3616 nullam
572 3563 691 3633 possent
712 3557 863 3632 concipere
884 3556 1088 3628 extensionem,
1111 3562 1199 3633 atque

128 3637 169 3695 010
194 3638 363 3696 viderentur
384 3638 577 3697 constituendi
598 3643 642 3695 tot
662 3636 771 3710 mundi,
793 3642 862 3713 quot
883 3642 952 3695 sunt
973 3636 1115 3696 attributa
1128 3637 1198 3709 Dei;

128 3719 182 3776 Ex.
216 3738 259 3793 gr.
287 3719 414 3777 Mundus
435 3723 534 3776 noster
554 3717 740 3786 extensionis,
762 3723 796 3776 ut
815 3717 857 3776 ita
878 3717 979 3789 dicam,
1002 3722 1118 3793 quantae
1140 3737 1197 3775 am·

127 3798 277 3873 plitudinis
307 3799 416 3870 existit,
448 3802 537 3858 tantae
569 3818 683 3875 quoque
714 3796 910 3874 amplitudinis
931 3797 1041 3868 Mundi,
1063 3797 1111 3872 qui
1132 3797 1197 3855 aliis
