2662 4298
587 361 726 401 arrsrona
747 361 797 401 xx.
1167 341 1225 399 263

109 544 248 595 rrerror,
269 525 317 582 vel
335 544 506 602 quocunque
516 526 545 585 id
556 528 683 603 appelles
693 525 817 597 nomine,
828 526 900 585 nihil
910 526 988 585 aliud
1000 531 1052 597 est,
1065 546 1150 602 quam
1161 546 1224 602 per·

109 628 142 666 ει
153 605 306 663 festiorem
322 609 430 663 statum
445 606 586 680 amittere,
602 612 653 666 aut
667 610 708 666 eo‘
714 607 832 683 privari,
848 606 948 683 utique
963 606 1044 682 sequi
1057 606 1182 677 videtur,
1192 614 1223 669 τὸ

109 710 141 747 ’·.’
155 687 276 744 existere
296 705 355 743 non
376 685 489 760 quidem
511 688 616 746 malum
638 693 689 746 aut
708 687 953 763 imperfectionem
964 706 1036 758 esse,
1048 687 1098 745 sed
1109 686 1224 762 aliquod

115 765 263 829 :malum
295 765 326 823 in
358 785 389 823 re
421 766 564 826 existente
591 787 676 844 posse
697 767 774 827 oriri.
796 767 869 826 Nam
890 768 1049 842 perfectum
1070 786 1123 842 per
1144 785 1225 843 aque

109 874 137 911 ιε,
155 846 317 921 perfectam
339 845 481 906 actionem
502 848 673 923 perfectiore
695 853 774 906 statu
795 866 853 906 non
864 847 1036 922 privabitur,
1048 847 1099 906 sed
1110 846 1225 923 quidem

109 956 131 993 -,
154 944 210 1001 per
230 925 268 995 id,
291 926 367 1016 quod
388 927 424 984 ad
446 927 560 1003 aliquod
580 927 788 1004 imperfectum,
810 927 878 1003 quia
898 927 1042 986 concessis
1062 927 1145 986 nobis
1156 926 1222 986 viri·

117 1068 127 1075 .
154 1008 211 1064 bus
242 971 320 1063 abut'
300 1010 396 1077 t,1mur
418 1006 598 1067 inclinamus
620 1010 684 1067 Hoc
704 973 811 1067 videris
833 1027 889 1066 non
910 1010 1028 1078 malurn,
1049 1010 1098 1066 sed
1119 1008 1224 1066 bonum

123 1120 129 1127 ·
153 1088 254 1144 minus
274 1053 429 1165 appellaba
452 1091 521 1182 quia
543 1092 639 1148 resin
659 1109 688 1147 se
708 1090 894 1147 consideratae
909 1054 1113 1182 perfectionem
1134 1089 1224 1182 inclu-

109 1202 124 1238 ;
155 1168 247 1241 dunt;
278 1162 386 1237 deiram,
418 1171 487 1242 quia
518 1170 610 1240 rebus,
642 1177 673 1227 ut
701 1171 754 1243 uis,
776 1187 833 1227 non
848 1169 919 1244 ptus
938 1176 1025 1226 essen
1025 1187 1061 1226 ne
1082 1170 1222 1243 competit,

155 1265 246 1322 quum
266 1247 413 1304 diuinus
402 1255 445 1306 ent
435 1250 600 1307 tetteetnset
589 1251 744 1324 tpotentiu
766 1251 836 1306 eist
825 1249 927 1306 tribuit
916 1255 972 1306 tet
986 1249 1225 1322 rererueonfem

109 1392 113 1399 ¹
154 1334 290 1401 etpropt
291 1346 322 1384 er
324 1346 357 1385 eu
376 1346 435 1385 non
450 1330 521 1403 ptus
541 1333 629 1387 etiarn
650 1331 803 1388 existentiae
822 1331 854 1386 in
875 1335 920 1386 aet
910 1328 1034 1386 tionibus
1053 1330 1114 1386 suis
1135 1335 1176 1386 ost
1177 1347 1225 1386 en-

155 1409 232 1479 dere,
265 1426 355 1481 qnam
386 1412 511 1467 essentiae
531 1429 670 1485 accepere,
687 1417 818 1548 possunt.
799 1407 958 1466 tNam
935 1428 959 1466 si
979 1427 1033 1466 nec
1053 1408 1151 1483 plures
1171 1427 1225 1466 nec

156 1485 310 1577 pauciores
342 1506 459 1561 possum
490 1489 575 1548 edere
605 1489 796 1566 operationes,
816 1508 911 1626 ¹quam
932 1492 1072 1563 quantum
1093 1487 1225 1546 essentiae

156 1564 265 1641 accepi,
298 1568 376 1625 nulla
408 1569 589 1643 perfectioris
617 1575 677 1628 stat
677 1590 712 1628 us
731 1569 829 1708 pritvat
829 1569 857 1628 io
877 1568 949 1643 fingi
969 1571 1081 1644 potest:
1104 1567 1128 1625 si
1149 1567 1225 1625 enim

157 1646 231 1704 nihil
262 1651 330 1704 cont
330 1667 364 1705 ιι
393 1649 448 1706 Dei
478 1650 658 1709 voluntatem
689 1650 769 1721 fite
771 1648 829 1708 tsi
849 1649 1025 1707 solummodo
1047 1652 1112 1707 tant
1112 1668 1160 1706 um
1181 1647 1223 1718 fit,
1271 1712 1275 1716 ,

157 1732 315 1818 quantum
331 1734 427 1786 essent
427 1728 463 1788 iae
486 1731 572 1790 collat
559 1736 620 1790 tum
641 1735 695 1801 est,
718 1750 775 1806 qua
795 1729 843 1788 via
863 1730 979 1800 malum,
1001 1728 1077 1803 quod
1098 1693 1224 1786 melioris

157 1806 265 1865 condit
245 1806 332 1865 tionis
363 1809 555 1883 privationem
576 1830 735 1886 nuncupas,
758 1808 916 1885 excogitari
936 1813 1033 1884 potest
1040 1808 1223 1879 PQuomodo

157 1887 223 1962 quis
244 1893 377 1962 perstat
377 1893 458 1947 utum
480 1891 603 1949 adeoet
590 1891 789 1966 tdependens
810 1910 882 1966 opus
902 1888 1163 1965 perfectioremsta
1145 1893 1225 1947 atum

157 1967 292 2026 amittere
320 1974 372 2043 pot
372 1969 397 2027 is
418 1975 482 2029 est?
449 1971 585 2029 ιιΑιιιο
606 1976 639 2030 ut
627 1971 730 2029 tmihi
750 1970 948 2047 persuadeam,
970 1969 1071 2028 Virum
1093 1967 1224 2027 Clarissi-

157 2067 237 2105 mum
253 2051 269 2083 *
291 2048 462 2107 alterutrum
484 2051 587 2110 debere
609 2056 746 2121 statuere,
768 2050 815 2109 vel
836 2049 951 2124 aliquod
971 2068 1035 2107 esse
1048 2049 1164 2118 malum,
1178 2048 1224 2106 vel

157 2128 182 2185 si
214 2127 318 2198 minus,
351 2129 459 2187 nullam
481 2150 543 2189 esse
563 2151 647 2206 posse
667 2130 793 2189 melioris
813 2135 908 2188 status
927 2128 1128 2204 privationem.
1150 2127 1225 2186 Nam

158 2208 269 2266 nullum
290 2227 353 2267 esse
374 2210 489 2280 malum,
511 2216 541 2269 et
556 2210 666 2269 meliori
677 2209 840 2269 conditione
852 2209 957 2280 orbari,
969 2207 1225 2267 contradictorium

156 2287 231 2345 mihi
252 2287 376 2348 videtur.

198 2369 240 2425 At
261 2368 347 2435 dices,
368 2390 421 2445 per
440 2371 620 2446 perfectioris
641 2376 736 2430 status
756 2370 948 2446 privationem
960 2370 996 2427 ad
1007 2367 1102 2427 minus
1113 2367 1226 2443 quidem

158 2451 275 2519 bonurn,
297 2449 347 2508 sed
370 2470 427 2508 non
449 2452 485 2509 ad
507 2452 670 2510 absolutum
691 2452 798 2510 malum
818 2449 985 2521 recidimus3
1007 2449 1058 2508 sed
1080 2449 1224 2524 (Append.

158 2529 239 2586 Part.
274 2529 300 2586 1.
332 2529 401 2606 Cap.
425 2531 463 2601 3.)
485 2552 531 2590 me
552 2532 683 2602 docuisti,
705 2552 763 2590 uon
784 2551 847 2591 esse
869 2531 905 2589 de
926 2528 1022 2588 verbis
1042 2528 1224 2604 litigandum.

159 2608 266 2679 Quare,
285 2629 323 2667 an
344 2609 372 2668 id
394 2612 508 2670 absolut
495 2616 556 2670 tum
578 2633 631 2671 nec
651 2632 687 2671 ne
709 2613 920 2751 dicendumtt
882 2610 920 2669 sit
921 2611 1008 2686 ,jam
1024 2629 1083 2668 non
1094 2609 1226 2685 disputo·

158 2688 208 2746 sed
230 2689 330 2761 solum,
354 2710 448 2749 annon
471 2712 489 2750 ι
509 2692 648 2751 meliori
640 2713 671 2751 m
690 2694 869 2769 pejorumst
870 2696 949 2751 atum
971 2690 1065 2750 delabi
1085 2691 1161 2766 apud
1173 2709 1228 2748 nos

156 2769 222 2843 jure
250 2770 332 2844 pejor
353 2775 456 2843 status,
479 2778 564 2831 auts
565 2778 644 2832 tatus
597 2774 758 2832 tmalus
779 2773 901 2843 dicatur,
923 2778 952 2830 et
974 2770 1029 2830 dici
1050 2771 1162 2829 debeat.
1184 2771 1227 2827 At

159 2868 286 2923 regeres,
309 2851 401 2910 malus
421 2852 549 2911 ιιιιιιιι
504 2857 584 2917 tatus
604 2853 677 2912 mult
664 2858 726 2912 turn
747 2851 1077 2912 adhucbonioontinet·
1071 2869 1225 2942 ,egevero

157 2929 315 3004 interrogo,
338 2951 435 2990 annon
455 2933 504 2991 ille
524 2928 618 3005 homo,
640 2933 689 3008 qui
702 2954 755 3009 per
767 2931 990 3008 imprudentiam
1001 2951 1083 2989 suam
1093 2930 1123 2989 in
1136 2949 1224 2988 causa

158 3009 223 3079 fuit,
246 3011 322 3085 qudd
343 3013 463 3086 perfect
455 3033 515 3071 mre
536 3018 615 3072 statu
636 3015 755 3072 orbatus
776 3017 881 3083 est,et
851 3031 947 3087 eper
959 3029 1227 3085 consequensnunc

158 3089 253 3148 minor
274 3096 319 3149 est
340 3111 424 3167 quam
447 3097 498 3151 ant
499 3113 534 3151 ea
486 3093 618 3163 tfuit,
640 3094 733 3151 malus
754 3092 851 3151 vocari
873 3096 969 3168 queat.

199 3170 240 3228 Ut
271 3176 321 3229 aut
322 3191 368 3230 em
399 3174 573 3232 antecedens
603 3141 793 3245 ratiocinium,
826 3171 894 3248 quia
923 3169 1070 3229 nonnullae
1100 3168 1176 3227 circa
1196 3167 1225 3225 id

159 3256 350 3387 supersuntt
337 3252 390 3311 tibi
411 3253 532 3312 difficult
519 3257 604 3324 tates
627 3254 760 3324 declines,
775 3253 903 3312 affirmas
916 3252 1026 3309 malurn
1037 3252 1149 3326 quietern
1161 3267 1226 3316 esse,

173 3333 247 3388 itn
278 3335 393 3391 Artanro
416 3336 514 3408 fnisse,
536 3354 636 3392 uerum
656 3336 688 3393 id
709 3354 766 3392 non
787 3352 842 3392 esse
858 3333 1014 3407 positivum
1035 3331 1115 3405 quiet,
1136 3336 1161 3386 et
1182 3346 1226 3385 re-

124 3467 126 3471 .
157 3419 255 3485 speetu
286 3417 385 3485 nostri,
418 3434 475 3472 non
496 3422 591 3473 autern
612 3416 667 3472 Dei
684 3414 836 3472 intellectus
856 3413 912 3470 tate
932 3413 998 3480 dici,
1019 3412 1164 3484 nostrique
1184 3427 1224 3466 re·
1316 3434 1319 3438 ·

157 3499 253 3565 spectu
284 3492 480 3552 Privationem
513 3496 573 3567 (sed
604 3501 717 3552 tanturn
748 3501 887 3569 quotenus
907 3511 937 3550 eo
959 3492 1067 3566 optima
1088 3490 1224 3559 libertate,

158 3590 224 3646 quse
245 3574 284 3630 ud
304 3581 433 3632 nostruin
454 3583 592 3633 naturum
612 3582 719 3650 spectet
729 3583 754 3632 et
765 3577 796 3633 in
806 3581 905 3632 nostru
912 3578 1050 3648 potestate
1060 3578 1107 3642 est,
1118 3576 1224 3628 nosrnet

157 3653 235 3725 ipsos
250 3656 427 3728 privemus),
449 3657 505 3713 Dei
525 3675 590 3713 uero
610 3662 737 3733 respectu
758 3653 949 3729 Negationem
971 3672 1034 3711 esse.
1058 3650 1113 3709 Hic
1128 3654 1223 3707 autem

196 3832 207 3856 *
246 3835 293 3878 ΠΕ.
312 3837 327 3881 i.
346 3850 366 3882 e.
384 3835 511 3881 Nobilitas
529 3839 581 3880 tua.
