2662 4298
487 368 627 407 srrsuoaa
647 368 748 408 cxxvi.
1105 354 1167 411 419

83 549 235 618 posteram
256 537 451 598 docebantur?
471 538 547 613 quod
568 537 697 612 profecto
718 538 805 612 longe
820 537 930 597 meliori
939 539 1003 614 jure
1015 544 1044 597 te
1057 559 1164 614 rogare

91 640 216 698 possum.
251 619 325 677 Nam
346 638 401 693 ego
421 638 480 675 nou
500 637 653 693 praesumo,
674 637 720 675 me
741 617 879 694 optimam
899 618 1044 677 invenisse
1066 621 1163 678 Philo·

90 700 231 778 sophiam,
260 700 310 758 sed
341 718 441 757 veram
472 717 517 755 me
547 697 709 772 intelligere
738 698 806 756 scio.
839 699 987 768 Quomodo
1016 705 1112 758 autem
1135 701 1165 758 id

89 784 188 851 eciam,
211 780 236 838 si
255 799 341 854 roges
353 803 360 849 ς
372 778 561 854 respondebo,
576 778 676 835 eodem
690 779 773 836 modo
788 798 822 837 ac
833 784 866 836 tu
880 778 948 848 sciS,
957 784 1017 837 tres
1029 781 1164 854 Angulos

89 860 242 936 Trianguli
274 860 400 934 aequales
420 877 483 916 esse
504 858 616 916 duobus
637 858 737 929 rectis3
760 863 789 916 et
810 859 865 917 hoc
886 860 1018 917 sufficere
1040 861 1162 935 negabit

91 960 184 1012 nemo,
206 939 252 998 cui
272 959 374 998 sanum
396 943 441 997 est
461 940 619 1007 cerebrum,
641 957 694 996 nec
715 938 834 1013 spiritus
856 939 1018 998 immundos
1028 941 1162 1010 somniat,

88 1021 140 1098 qui
171 1020 254 1079 nobis
273 1020 354 1077 ideas
375 1019 464 1077 falsas
484 1018 628 1094 inspirant
649 1018 726 1076 veris
747 1018 872 1077 similes:
894 1024 939 1078 est
960 1020 1036 1078 enim
1059 1040 1159 1079 verum

91 1102 177 1160 index
200 1100 245 1159 sui
266 1105 296 1158 et
317 1099 391 1158 falsi.

132 1183 173 1239 At
203 1186 244 1251 tu,
276 1179 326 1256 qui
347 1180 459 1237 demum
481 1178 618 1254 optimam
640 1178 829 1253 Religionem,
851 1180 900 1238 vel
921 1180 1018 1255 potius
1039 1181 1166 1255 optimos

91 1262 169 1320 viros
200 1260 346 1319 invenisse
377 1259 539 1334 praesumis,
567 1257 670 1333 quibus
691 1259 892 1318 credulitatem
914 1264 994 1318 tuam
1016 1261 1162 1331 addixisti,

88 1345 141 1419 qai
160 1344 222 1412 aeis,
245 1360 289 1400 eoa
310 1343 431 1416 optimos
451 1359 508 1398 esse
527 1342 603 1397 inter
623 1359 726 1408 antaee,
749 1342 885 1415 qaialiae
897 1341 1055 1416 Iielipionea
1067 1344 1165 1400 dociae·

91 1430 171 1493 rant,
203 1424 359 1480 etiamnum
391 1421 497 1487 doceat,
530 1422 582 1477 aiit
612 1421 796 1494 imposterum
828 1421 985 1479 docebam?
1010 1440 1049 1478 an
1070 1441 1165 1480 olnae-e

90 1505 159 1561 illae
180 1504 327 1577 relipiones
347 1507 407 1558 tam
428 1503 564 1575 antiquas
585 1519 674 1575 qaam
695 1519 790 1570 novas,
813 1519 877 1575 qaae
901 1502 956 1569 liic,
978 1509 1003 1559 et
1024 1504 1055 1558 ia
1066 1503 1163 1569 India,

89 1590 117 1641 et
148 1583 250 1654 abilae
269 1601 323 1656 per·
343 1588 433 1638 totam
453 1588 602 1638 terraram
623 1581 718 1637 orbem
741 1581 886 1649 docenter,
908 1581 1107 1640 examinasti?
1127 1583 1165 1640 Et

92 1665 225 1739 qteamvio
246 1664 311 1719 illas
331 1663 386 1719 rite
397 1663 615 1730 exclamaveris
629 1661 768 1735 quomodo
778 1663 834 1718 acio
844 1668 869 1718 te
880 1663 1019 1735 optimam
1033 1663 1164 1737 elegisse?

92 1741 326 1818 quandoquidem
348 1745 406 1805 tuae
429 1740 495 1798 fidei
516 1739 656 1798 rationem
679 1740 787 1797 nullam
809 1741 878 1798 dare
900 1749 991 1816 potes.
1024 1742 1065 1798 At
1077 1741 1163 1804 dices.

93 1827 125 1881 te
145 1822 175 1880 iu
196 1822 311 1880 interno
333 1819 457 1896 Spiritus
477 1820 532 1878 Dei
549 1820 714 1878 testimonio
726 1820 917 1896 acquiescere,
930 1821 1056 1897 reliquos
1067 1826 1165 1880 autem

93 1923 113 1961 a
142 1903 327 1962 scelestorum
359 1899 518 1976 Spirituum
549 1899 683 1975 Principe
715 1899 888 1958 circumduci
918 1920 953 1958 ac
983 1901 1091 1977 decipi;
1114 1903 1164 1960 sed

93 2002 203 2055 omnes,
233 1981 283 2058 qui
314 1985 399 2040 extra
429 1979 587 2038 Ecclesiam
620 1981 778 2038 Romanam
809 1985 886 2050 sunt,
920 1981 1018 2039 eodem
1039 1982 1104 2056 jore
1125 1982 1163 2051 id,

93 2064 171 2138 quod
192 2067 224 2121 tu
246 2063 281 2120 de
302 2066 361 2132 tua,
383 2059 438 2136 ipsi
460 2061 494 2119 de
516 2080 568 2118 sua
588 2060 755 2134 praedicant.

137 2143 218 2213 Quod
239 2147 336 2201 autem
357 2140 439 2199 addis
461 2142 496 2198 de
517 2140 659 2198 communi
682 2139 827 2198 hominum
839 2140 1000 2216 myriadum
1012 2161 1163 2210 consensu,

94 2224 188 2300 deque
224 2226 308 2280 nou*
338 2221 503 2296 interrupta
535 2220 670 2279 Ecclesiae
702 2220 891 2292 successione,
924 2226 989 2292 etc,
1021 2221 1164 2297 ipsissima

96 2303 307 2362 Pharisaeorum
328 2301 473 2360 cantilena
494 2305 547 2359 est.
578 2300 617 2358 Hi
638 2320 771 2375 namque,
794 2321 851 2359 non
873 2301 975 2359 minori
990 2301 1165 2360 confidentia

93 2403 182 2459 quam
212 2382 347 2441 Ecclesiae
379 2383 516 2440 Romanae
548 2381 669 2451 addicti,
696 2380 813 2439 testium
844 2381 990 2457 myriadas
1015 2381 1162 2443 exhibent.

94 2463 155 2540 qui,
187 2463 290 2538 aequali
321 2483 355 2520 ac
386 2463 581 2520 Romanorum
603 2466 692 2519 testes
713 2461 881 2537 pertinacia,
904 2461 1003 2519 audita
1024 2467 1164 2538 tanquam

93 2546 133 2602 ab
163 2543 234 2619 ipsis
264 2547 386 2618 experta
416 2543 555 2600 referunt.
588 2541 712 2617 Stirpem
734 2541 836 2600 deinde
858 2562 939 2600 suam
960 2543 996 2600 ad
1019 2543 1162 2601 Adamum

96 2643 187 2700 usque
207 2623 369 2699 proferunt.
400 2623 506 2681 Eorum
528 2621 684 2681 Ecclesiam
705 2622 736 2680 in
757 2623 834 2680 hunc
855 2643 944 2697 usque
966 2623 1039 2681 diem
1061 2643 1165 2700 propa·

96 2709 205 2779 getam,
225 2704 382 2774 immotam,
405 2709 435 2761 et
455 2703 575 2760 solidam
596 2702 688 2761 invito
709 2702 807 2761 hostili
821 2703 1008 2762 Ethnicorum
1023 2708 1053 2762 et
1067 2703 1165 2762 Chris·

94 2783 240 2842 tianorum
267 2783 331 2841 odio
352 2802 531 2859 permanere,
553 2783 616 2857 pari
637 2783 806 2857 arrogantia
824 2784 946 2859 jactant.
979 2784 1164 2859 Antiquitate

93 2863 221 2922 omnium
242 2863 367 2921 maxime
388 2863 590 2921 defenduntur.
621 2863 803 2921 Traditioncs
824 2866 860 2921 ab
872 2864 934 2939 ipso
946 2865 1007 2921 Deo
1020 2871 1164 2940 acceptae.

93 2963 184 3021 seque
205 2945 281 3002 solos
302 2945 430 3001 Verbum
452 2943 504 3001 Dei
526 2941 665 3017 scriptum
687 2946 716 3000 et
737 2963 794 3000 uon
810 2943 948 3018 scriptum
963 2963 1089 3015 servare,
1107 2965 1165 3002 uno

93 3043 146 3082 ore
178 3025 312 3083 clamant.
346 3023 453 3082 Omnes
484 3023 608 3081 haereses
629 3042 666 3080 ex
686 3021 721 3079 iis
742 3022 855 3092 exiisse,
877 3023 955 3098 ipsos
977 3028 1076 3082 autum
1099 3044 1166 3082 cou-

94 3109 208 3163 stantes
239 3104 350 3180 aliquot
380 3122 520 3162 annorum
553 3101 642 3160 millia
672 3104 781 3177 absque
812 3103 872 3167 ullo,
891 3103 1010 3178 imperio
1031 3108 1164 3178 cogente,

93 3185 145 3243 sed
175 3185 236 3243 solo
257 3183 470 3260 superstitionis
491 3180 619 3241 efficacia
639 3181 804 3253 mansissse,
825 3202 933 3256 negare
954 3203 1038 3241 nemo
1059 3189 1164 3259 potest.

95 3265 246 3334 Mascula,
279 3284 343 3340 quae
375 3268 505 3333 narrant,
538 3262 683 3320 delassare
704 3262 804 3320 valent
824 3262 901 3321 mille
922 3263 1065 3337 loquaces.
1099 3263 1164 3333 Sed,

94 3365 154 3420 quo
184 3365 247 3404 sese
278 3344 403 3402 maxime
435 3344 568 3413 efferunt,
591 3346 644 3415 est,
666 3343 742 3417 quod
763 3343 849 3416 longe
870 3343 982 3416 plures·
999 3363 1084 3417 quam
1106 3343 1165 3401 ulla

95 3424 186 3497 natio,
206 3429 351 3501 martyres
372 3427 532 3493 numerent,
555 3427 584 3481 et
605 3442 756 3481 numerum
778 3421 905 3498 quotidie
916 3427 1044 3496 augeant
1055 3442 1164 3487 corum.

93 3504 144 3581 qui
165 3525 218 3582 pro
238 3506 305 3580 fide,
328 3525 415 3581 quam
436 3505 617 3579 profitentur,
640 3502 780 3577 singulari
801 3502 887 3560 animi
908 3502 1073 3560 constantia
1087 3504 1164 3577 passi

93 3590 180 3658 suut3
201 3604 294 3661 neque
315 3586 369 3643 hoc
390 3583 553 3643 mendacio:
565 3583 626 3659 ipse
637 3582 713 3641 enim
727 3582 803 3640 inter
814 3582 885 3641 alios
895 3582 1038 3658 quendam
1048 3582 1164 3652 dudam,

127 3842 139 3868 *
156 3842 203 3888 Ed.
219 3843 259 3889 Pr.
277 3844 374 3889 omittit
389 3856 445 3888 aon.
