2662 4298
130 316 189 373 226
562 333 699 372 srrsroea
719 334 761 374 xl.

132 502 245 575 ducam,
265 500 491 559 invaletudinem
512 499 621 559 sedicet
640 499 816 559 Nobilissimi
839 502 960 579 Boylii,
982 510 1018 565 et
1031 528 1185 568 meomnue

132 582 277 656 goticrum
298 583 421 639 turbam.
444 580 498 638 Illa
517 579 721 656 impedimento
740 579 805 651 mit,
829 602 895 657 quo
917 585 1030 645 minus
1051 589 1089 647 ad
1107 589 1186 648 torsi

132 662 245 720 Nitrum
281 660 554 719 Animadversiones
584 660 670 719 citius
698 661 881 736 respondere
915 666 1061 727 valuerit
1089 669 1186 746 Boyliu:

133 743 194 800 lucc
222 741 293 799 adeo
320 761 366 799 me
390 740 552 799 districtum
572 745 692 800 tenuere
711 761 764 817 per
783 741 936 816 plurimos
960 766 1094 821 menses,
1114 755 1143 809 ut
1155 748 1188 809 ue‘

132 821 183 878 vix
207 821 284 895 juris
311 820 423 889 luerim,
450 820 627 896 proindeque
647 840 700 879 nec
720 821 812 880 officio
832 821 888 881 illo
912 824 1052 903 defungi
1071 830 1187 906 potuerit

132 901 168 958 ad
196 901 272 975 quod
299 921 344 959 me
372 901 423 959 tibi
445 900 615 960 obstrictum
636 902 781 976 profiteor.
807 900 913 962 Gestit
934 907 1075 981 animus,
1096 916 1188 970 moun

132 1000 194 1038 esse
217 987 279 1056 (pro
300 986 429 1056 tempore
449 981 562 1050 saltem)
584 987 737 1057 utrumque
757 983 961 1053 obstaculum,
988 993 1028 1047 ut
1049 1010 1188 1050 meumau

131 1066 214 1118 tanto
241 1061 342 1119 Amico
371 1061 571 1119 commercium
597 1061 760 1120 instaurare
787 1060 888 1122 liceat.
918 1064 955 1124 Id
982 1069 1122 1148 equidem
1140 1090 1188 1130 auu

130 1141 204 1199 facio
230 1141 354 1200 maxima
382 1161 445 1199 cum
473 1141 610 1211 lubentia,
638 1146 754 1217 statque
773 1141 892 1201 auinrus
916 1146 1065 1219 (favente
1085 1151 1187 1211 Nuuiml

130 1221 207 1280 omni
238 1223 321 1280 modo
353 1241 464 1291 cavere,
497 1241 533 1279 ne
559 1221 693 1297 deinceps
719 1222 902 1282 consuetudo
935 1240 1051 1289 nostra
1077 1230 1188 1291 litteru'u

131 1302 241 1361 tamdiu
261 1302 497 1376 interrumpatur.

171 1384 314 1442 Caeterum
339 1382 505 1457 priusquam
532 1382 567 1440 de
592 1381 628 1439 iis
655 1386 750 1440 tecum
777 1401 873 1456 agam,
906 1404 977 1460 quae
1008 1390 1071 1450 tibi
1096 1396 1125 1451 et
1145 1388 1189 1451 ull

129 1463 265 1538 privatim
287 1463 478 1531 intercedunt,
500 1461 650 1537 expediam
671 1462 728 1531 illa,
750 1481 814 1537 quae
836 1463 872 1522 D.
896 1465 1006 1543 Boylii
1030 1470 1189 1531 nominaui

131 1544 280 1600 debentur.
309 1543 408 1611 Notas,
431 1562 503 1617 quas
522 1542 552 1600 in
574 1541 879 1617 Chymiood'hysicum
901 1544 989 1607 illius
1013 1551 1190 1613 tractatulus

130 1623 366 1694 concinnaveras,
395 1627 478 1681 sueta
502 1622 556 1680 sibi
576 1622 757 1681 humanitate
777 1623 903 1698 excepit,
928 1627 1054 1705 tibique
1074 1632 1191 1693 maxims

130 1721 182 1776 pro
214 1702 352 1760 Examina
383 1709 433 1761 tuo
465 1702 576 1777 gratias
603 1702 744 1778 rependit.
771 1703 894 1761 Interim
927 1712 1055 1770 moneri
1076 1718 1107 1772 te
1126 1710 1192 1789 cupit

130 1781 308 1856 propositum
340 1782 394 1840 sibi
421 1787 559 1841 nontam
579 1782 667 1841 luisse
689 1783 849 1853 ostendere,
872 1804 948 1845 vere
971 1790 1191 1870 Philosophum

130 1864 344 1937 perfectamque
364 1864 440 1921 hanc
461 1883 523 1921 esse
544 1863 619 1922 Nitri
640 1863 791 1938 Analysin,
814 1883 901 1938 quam
924 1871 1098 1945 explicere,
1116 1874 1193 1949 vulga·

131 1961 190 2000 rem
217 1942 296 2001 etin
318 1943 429 2002 Scholis
449 1948 594 2018 receptam
616 1945 651 2001 de
671 1943 783 2002 Formis
804 1943 1067 2012 Substantialibus
1090 1959 1120 2013 et
1139 1954 1191 2024 Qu·

129 2022 259 2082 litatibus
286 2024 447 2082 doctrinam
473 2023 586 2082 infirmo
608 2025 666 2082 talo
687 2023 749 2094 niti,
770 2023 987 2104 specificasque
1009 2038 1114 2093 'rerum
1134 2034 1192 2093 dille

129 2104 247 2174 lentius,
269 2124 341 2180 quas
362 2108 477 2174 vocant,
492 2105 528 2161 ad
540 2104 666 2178 partium
676 2103 916 2179 magnitudinem,
927 2116 1063 2183 motum,
1076 2115 1191 2190 quietem,

129 2189 159 2242 et
190 2185 276 2244 situm
307 2205 391 2261 posse
422 2184 562 2242 revocari.
596 2185 658 2254 Quo
689 2188 862 2260 praenotato,
895 2187 1018 2249 Auctor
1051 2214 1140 2269 porro
1157 2193 1192 2257 ait.

129 2265 366 2341 Experimeutum
388 2284 470 2322 suum
492 2265 526 2322 de
548 2264 631 2322 Nitro
645 2265 716 2322 satis
728 2285 870 2340 superque
881 2267 1002 2342 docere,
1015 2268 1193 2350 Nitri'corpus

130 2346 295 2405 universum
316 2346 347 2404 in
367 2351 475 2421 partos,
497 2365 514 2402 a
535 2345 709 2403 seinvicem
731 2350 761 2403 ct
781 2347 817 2403 ab
838 2345 980 2420 ipsototo
993 2352 1191 2431 discrepantes,

128 2445 180 2500 per
210 2426 353 2500 Analysin
385 2424 552 2500 Ohymicam
583 2425 701 2497 abiisse3
733 2432 834 2501 postea
867 2446 937 2485 vero
958 2428 1006 2488 ita
1028 2453 1148 2493 rursum
1165 2452 1191 2492 ex

127 2505 228 2563 iisdem
260 2505 398 2563 coaluisse
429 2510 459 2563 et
489 2505 702 2580 redintegratas
733 2506 830 2576 luisse,
861 2511 894 2564 ut
927 2528 1038 2583 parum
1060 2515 1150 2573 fuerit
1166 2514 1191 2572 de

127 2584 248 2659 pristino
279 2586 406 2660 pondere
428 2584 629 2643 desideratum.
672 2586 763 2643 Addit
783 2606 862 2656 vero,
884 2606 916 2644 se
937 2593 1122 2666 ostendisse,
1143 2613 1191 2653 ren

128 2664 218 2737 ipsam
249 2665 291 2722 ita
322 2685 353 2723 se
378 2666 500 2735 habere;
523 2667 558 2723 de
580 2666 621 2724 rei
642 2672 738 2724 autom
760 2667 852 2737 mode,
875 2687 960 2740 quem
983 2674 1020 2729 tu
1044 2672 1192 2750 conjectari

129 2743 242 2814 viderie,
264 2765 322 2802 uon
343 2744 445 2820 egisse,
468 2765 521 2803 nec
542 2747 577 2803 de
599 2767 632 2804 eo
654 2746 813 2821 quicquam,
833 2752 1192 2822 cumpraeterinstitutuu

127 2823 189 2898 ejus
219 2826 315 2893 fuerit,
338 2825 553 2883 determinasse.
597 2828 668 2896 Quae
689 2832 721 2884 tu
743 2826 858 2884 iuterim
880 2827 915 2883 de
936 2831 1027 2888 modo
1051 2833 1191 2911 supponis,

127 2905 259 2979 quodque
280 2906 323 2963 sal
344 2905 420 2964 Nitri
441 2906 530 2962 fixum
551 2910 689 2982 tanquam
708 2909 794 2965 faeces
805 2908 867 2982 ejus
879 2907 1062 2983 consideras,
1078 2920 1192 2973 caetera·

126 3004 181 3058 que
202 2985 280 3057 talia,
303 3007 338 3044 ea
358 3007 376 3045 a
396 2991 426 3044 te
448 2985 540 3060 gratis
561 2986 639 3045 dicta
660 3007 714 3045 nec
728 2990 851 3062 probata
865 2987 1047 3062 arbitratum
1063 2996 1192 3071 quodque

127 3085 144 3122 a
165 3069 194 3122 te
215 3067 343 3136 affertur,
365 3068 418 3125 has
439 3068 534 3135 faeces
557 3065 618 3124 sive
639 3068 693 3126 hoc
714 3068 756 3125 sal
777 3069 876 3137 lixum,
898 3073 1014 3127 meatus
1037 3073 1151 3133 habere
1164 3074 1193 3132 ad

125 3164 289 3204 mensuram
316 3147 522 3222 particularum
544 3146 619 3204 Nitri
641 3152 807 3218 excavatoS,
828 3147 905 3205 circa
924 3147 953 3204 id
976 3154 1065 3210 notat
1086 3155 1194 3213 Auctor

125 3229 232 3295 noster,
255 3226 344 3284 salem
365 3227 492 3285 cinerum
505 3226 722 3285 clavellatorum
731 3227 859 3302 (Belgica
866 3229 999 3304 potuscli)
1011 3249 1082 3290 crim
1094 3234 1195 3310 spiritu

125 3304 199 3362 Nitri
231 3305 345 3365 Nitrum
368 3327 449 3382 acque
470 3305 654 3378 constituere,
677 3329 711 3365 ac
732 3307 869 3383 Spiritum
890 3307 967 3366 Nitri
988 3328 1057 3369 oum
1078 3314 1194 3391 proprio

125 3404 176 3441 suo
210 3386 269 3443 sale
300 3389 374 3444 fixo:
407 3388 492 3446 Unde
522 3385 632 3461 liquere
664 3392 757 3463 putat,
782 3388 889 3446 similes
910 3388 1031 3463 reperiri
1054 3411 1148 3467 poros
1167 3394 1194 3452 in

125 3463 265 3535 ejusmodi
295 3467 471 3543 corporibus
504 3467 580 3525 undo
612 3466 721 3527 Nitrosi
753 3467 879 3543 Spiritus
900 3488 958 3526 nou
980 3473 1192 3534 extruduntur.

124 3543 184 3600 Nec
215 3544 295 3603 videt
326 3549 445 3617 Auctor,
467 3547 546 3605 illam
565 3548 693 3607 materiis
715 3548 920 3619 subtilissimas,
943 3569 1029 3623 quam
1053 3554 1193 3623 adstruis,

125 3623 325 3683 necessitatem
347 3647 384 3684 ex
405 3627 470 3685 ullis
491 3628 693 3686 Phaenomenis
713 3631 881 3704 p1·obatam;
904 3630 953 3687 sed
975 3649 1013 3687 ex
1033 3633 1194 3694 solavacui

123 3701 362 3777 impossibilitatis
383 3707 545 3783 Hypotlresi
567 3714 752 3785 assumptam.
1185 3751 1187 3754 ⁴

165 3782 235 3851 Quae
268 3784 303 3841 de
334 3785 428 3843 causis
459 3787 627 3848 differentiae
659 3787 771 3864 saporis
802 3788 879 3848 inter
901 3789 1039 3865 Spiritum
1062 3792 1144 3853 Nitri
1165 3800 1193 3853 ct
