2662 4298
183 327 239 385 188
515 344 736 383 aanorarmnns
756 345 788 383 m
809 345 911 384 rator.

207 514 247 571 [In
277 512 392 571 ejusdem
422 511 481 556 libri
505 512 600 569 pagina
624 525 681 569 quae
707 524 813 558 numero
841 512 892 557 113.
918 514 958 557 est
983 512 1034 557 etsi
1059 525 1119 558 cum
1143 514 1246 572 reliquo

237 573 346 634 Epilogo
372 575 441 620 notis
468 571 643 619 numeralibus
669 576 747 630 caret,
773 574 825 620 hac
850 572 987 632 leguntur:
1010 574 1246 634 ,...(scrupulum)

238 650 324 693 nnum,
349 639 375 682 et
399 636 510 694 quidem,
536 639 624 681 nostro
648 636 753 694 judicio,
771 637 835 682 satis
852 649 950 694 magnae
966 636 1043 682 molis
1060 649 1181 685 amovere
1199 641 1252 685 stu-

239 700 364 754 debimus,
389 699 498 743 firmiter
521 699 646 756 persuasi,
671 711 700 745 eo
726 699 836 752 sublato,
860 700 958 757 reliqua
983 700 1069 744 omnia
1094 699 1150 745 fore
1174 701 1253 759 plana

240 766 316 819 atque
341 760 468 819 expedita.
494 760 542 806 Est
567 764 652 806 autem
678 761 729 817 ille,
752 760 829 819 quod,
846 762 868 806 si
885 775 922 816 eo,
940 775 990 819 quo
1008 762 1156 818 statuimus,
1173 764 1251 810 modo

239 823 405 882 Philosophia
422 823 456 868 sit
473 823 496 868 S.
513 823 615 868 Literas
631 824 817 882 interpretandi
828 837 924 879 norma,
933 825 993 882 ipsae
1003 823 1029 870 S.
1037 823 1132 870 Literae
1142 825 1251 872 inutiles

239 890 265 931 et
281 886 378 930 frustra
394 888 505 931 exaratae
523 889 599 943 atque
611 885 644 930 ad
655 899 702 932 nos
715 886 876 932 transmissae
884 885 1043 932 videantur.”
1055 887 1252 946 Responsionis,

239 961 296 1006 quae
314 948 434 1006 deinceps
452 947 534 1004 datur,
551 947 607 994 haec
624 948 677 994 fere
694 949 807 994 medulla
824 951 876 994 est:
898 982 920 1004 ,.
931 982 936 994 .
947 947 1056 1004 ‚lvocesl
1073 951 1176 994 tantum
1190 954 1252 996 sunt

239 1011 339 1056 occasio
364 1011 405 1056 vel
430 1011 633 1067 incitamentum,
657 1024 707 1068 quo
725 1011 873 1057 intellectus
890 1011 999 1068 erigitur
1015 1024 1045 1056 ac
1063 1011 1206 1068 inducitur,
1222 1016 1252 1058 ut

239 1074 322 1119 ideas.
332 1107 337 1119 .
348 1107 353 1118 .
375 1073 499 1118 attentius
517 1073 712 1131 contempletur,
722 1087 751 1118 ac
759 1074 827 1119 inter
836 1087 864 1118 se
873 1074 996 1128 conferat,
1005 1085 1034 1118 ac
1041 1073 1079 1118 sic
1093 1073 1162 1120 hanc
1170 1075 1198 1119 in
1208 1075 1252 1121 illa

239 1135 385 1181 necessario
402 1135 498 1180 includi
515 1135 697 1194 deprehendat.
716 1162 744 1168 —
762 1136 820 1182 Jam
836 1149 905 1194 vero,
916 1136 1037 1194 quoniam
1047 1148 1138 1182 omnes
1148 1137 1210 1182 libri
1219 1150 1250 1183 ex

243 1199 403 1245 orationibus
419 1199 487 1244 inter
504 1210 531 1242 se
548 1198 670 1244 connexis
687 1199 864 1256 copulatisque
881 1200 1087 1256 constantatque
1097 1199 1249 1255 conflantur,

241 1261 432 1307 evidentissime
449 1260 623 1319 consequitur,
641 1273 765 1306 summam
782 1261 976 1318 maximamque,
993 1273 1071 1318 qoam
1091 1261 1171 1307 rebus
1192 1275 1250 1308 vere

240 1327 409 1382 accurateque
426 1322 612 1380 cognoscendis
628 1323 855 1380 intelligendisqoe
866 1323 981 1381 praebere
990 1325 1089 1380 queunt
1100 1324 1249 1380 utilitatem,

240 1388 265 1431 in
291 1400 320 1432 eo
346 1387 401 1432 solo
426 1386 575 1441 consistere,
592 1385 661 1442 quod
676 1385 779 1430 Lectori
797 1385 979 1443 cogitationem
995 1385 1123 1442 injiciant,
1141 1399 1250 1445 eumque

240 1449 353 1494 excitent
370 1449 402 1494 ad
419 1448 498 1503 ideas,
515 1461 579 1504 quas
594 1448 647 1504 jam
664 1461 748 1493 rerum
765 1446 791 1492 in
809 1450 894 1493 mente
912 1447 1151 1494 efformatashabet
1168 1449 1250 1494 claras

240 1514 316 1569 atque
341 1511 486 1567 distinctas,
510 1523 618 1567 quaeque
643 1510 669 1554 in
694 1510 746 1554 illis
771 1509 845 1555 libris
861 1509 994 1555 vocabulis
1010 1509 1176 1568 denotantur,
1194 1524 1251 1557 con·

241 1573 409 1631 temptandas,
436 1573 504 1618 inter
528 1585 556 1617 se
583 1572 776 1631 comparandas,
802 1585 838 1629 ac,
863 1577 924 1617 num
941 1586 992 1618 una
1009 1572 1085 1617 alteri
1101 1572 1250 1619 includatur

241 1639 285 1680 aut
310 1648 423 1680 connexa
448 1635 489 1689 sit,
516 1635 714 1691 examinandas;
743 1634 813 1680 nulla
838 1647 898 1680 vero
926 1635 1026 1681 ratione
1042 1634 1206 1682 intellectum
1223 1637 1249 1681 in

240 1711 326 1742 veram
350 1710 435 1742 rerum
460 1697 633 1754 cognitionem
659 1711 690 1743 ex
715 1700 759 1742 aut
783 1710 829 1756 per
854 1710 881 1743 aa
905 1710 982 1755 posse
1007 1696 1144 1753 deducere,
1169 1698 1250 1744 multo

240 1760 324 1804 minus
349 1760 429 1804 menti
454 1759 526 1804 ideas
551 1760 633 1805 claras
651 1760 848 1817 distinctasque,
864 1760 886 1804 si
904 1762 979 1805 antea
997 1759 1091 1806 infusae
1107 1759 1249 1818 inditaeque

240 1835 290 1867 non
314 1822 418 1877 fuerint,
446 1821 542 1878 indere,
567 1824 611 1867 aut
634 1822 777 1878 infundere,
802 1824 847 1868 aut
862 1822 1017 1880 imprimere,
1033 1824 1079 1867 aut
1095 1822 1147 1868 alio
1165 1823 1249 1881 aliquo

240 1884 315 1930 modo
332 1885 483 1942 ingenerare
489 1918 558 1930 .....
579 1884 652 1931 Unde
669 1884 752 1943 liquet
759 1917 777 1941 ,.
788 1919 794 1930 .
804 1918 809 1930 .
820 1918 825 1929 .
841 1885 944 1930 minime
955 1897 1176 1943 supervacaneum
1185 1898 1249 1941 esse,

241 1945 400 2005 Scripturam
425 1946 496 1992 adire
522 1949 598 2005 atque
624 1947 773 1992 consulere:
799 1960 850 1991 nou
876 1946 979 2005 quidem
1005 1949 1035 1992 ut
1050 1946 1096 1991 illa
1112 1947 1248 1993 veritatem

241 2013 284 2055 aut
300 2023 345 2068 per
362 2022 390 2054 se
407 2009 536 2054 mentibus
553 2010 649 2055 nostris
659 2009 800 2067 ingeneret,
811 2011 855 2054 aut
864 2009 997 2054 clariorem
1008 2009 1248 2068 distinctioremque

240 2072 339 2129 reddat,
364 2074 408 2118 aut
433 2072 515 2129 magis
542 2072 641 2116 firmam
667 2072 753 2125 iaciat,
779 2071 825 2116 sed
842 2073 878 2129 ut,
896 2071 1112 2130 quemadmodum
1129 2072 1249 2123 diximus,

240 2136 401 2181 occasionem
426 2134 610 2193 materiamque
636 2132 766 2192 cogitandi
784 2136 914 2192 suggerat,
931 2134 1078 2192 etquidem
1094 2133 1127 2179 de
1145 2135 1249 2190 talibus,

240 2198 271 2243 de
295 2198 388 2257 quibus
405 2197 492 2243 forsan
510 2197 573 2242 alias
590 2209 720 2254 nunquam
737 2195 933 2254 cogitassemus.
950 2195 1063 2250 Quorum
1081 2196 1161 2242 etiam
1181 2210 1248 2243 sum·

240 2274 306 2305 marn
323 2260 455 2305 hominum
473 2260 624 2305 beatitatem
642 2259 859 2314 concernentium,
877 2259 991 2317 adeoque
1008 2258 1060 2304 illis
1077 2260 1247 2316 praecaeteris

239 2324 356 2368 omnibus
375 2322 581 2379 conducentium,
597 2335 648 2367 non
667 2324 752 2367 autem
769 2322 887 2367 veritatis
904 2321 1035 2377 docendae,
1052 2325 1173 2379 respectu
1193 2323 1248 2380 eius

239 2386 338 2430 utilitas
363 2389 389 2430 et
405 2386 523 2440 maxima,
540 2387 564 2430 et
583 2384 690 2429 aliorum
708 2384 831 2429 librorum
848 2384 956 2429 utilitati
973 2384 1057 2440 longe·
1067 2385 1248 2442 anteponenda

240 2447 367 2504 est....'’]

667 2616 764 2672 XXXI

554 2791 595 2847 (ad
611 2805 670 2850 pag.
689 2792 741 2848 120,
759 2794 820 2837 torn.
837 2792 880 2847 II).

219 2935 276 2993 LB.
310 2935 409 2992 Mona.
442 2934 506 2992 Hoc
527 2938 580 3004 est,
603 2934 679 3009 quod
700 2934 737 2992 ad
758 2935 880 2991 salutem
903 2953 924 2992 s.
948 2932 1155 2991 beatitudinem
1176 2933 1249 2992 satis

179 3014 225 3084 sit,
255 3014 353 3073 divina
384 3014 500 3072 decreta
531 3018 670 3089 tanquam
700 3013 768 3088 jura
799 3033 849 3072 seu
870 3014 1008 3071 mandata
1028 3013 1173 3088 amplecti,
1194 3034 1249 3074 nec

179 3114 251 3170 opus
276 3095 322 3165 sit,
344 3095 445 3153 eadem
466 3099 499 3153 ut
521 3099 646 3153 aeternas
667 3093 807 3152 veritates
828 3093 986 3168 concipere,
1008 3113 1067 3151 non
1087 3093 1176 3152 Ratio
1197 3095 1248 3153 sed

178 3175 328 3233 Revelatio
350 3175 452 3234 docere
473 3180 578 3251 potest,
601 3179 634 3232 ut
654 3178 737 3249 patet
757 3193 794 3232 ex
816 3173 1021 3232 demonstratis
1045 3173 1114 3248 (lap.
1137 3174 1164 3232 4.

568 3441 571 3446 ·
651 3412 764 3470 XXXII

553 3574 594 3631 (ad
611 3588 670 3634 pag.
688 3573 741 3634 123,
760 3576 820 3618 tom.
838 3573 881 3629 ΙΙ).

217 3706 276 3764 LB.
298 3708 398 3764 Mona
420 3707 455 3764 In
477 3711 556 3765 statu
577 3705 663 3778 civili,
685 3706 734 3764 ubi
755 3705 898 3764 communi
916 3706 981 3782 jure
992 3706 1164 3777 decernitur,
1178 3705 1248 3782 quid

178 3790 284 3845 bonum
312 3790 368 3845 et*
389 3786 456 3860 quid
477 3787 584 3845 malum
606 3787 652 3860 sit,
675 3791 754 3844 recte
776 3787 858 3845 dolus
879 3786 1067 3862 distinguitur
1086 3785 1117 3844 in
1139 3789 1247 3846 bonurn
