2662 4298
383 376 786 416 111010110011111101111.
809 377 837 414 v.
1109 363 1146 418 19

77 553 144 617 tur;
176 547 242 604 ideo
272 543 403 603 homines
419 546 464 601 ab
485 543 663 618 experientia
683 543 778 601 doceri
799 543 918 615 malunt,
941 564 1026 619 quam
1048 565 1149 605 omnes

81 648 152 687 snas
184 626 383 702 perceptiones
413 643 448 681 ex
474 623 573 698 paucis
592 623 787 681 axiomatibus
806 623 955 692 deducere,
977 629 1007 683 et
1026 625 1149 684 invicem

79 713 284 767 concatenare.
317 705 401 764 Unde
431 703 569 779 sequitur,
600 703 684 778 quod,
713 703 822 778 siquis
845 704 1004 762 doctrinam
1024 706 1148 781 aliquam

81 788 228 862 integram
252 785 407 854 nationem,
429 804 465 842 ne
479 784 571 841 dicam
582 784 747 841 universum
757 785 914 842 humanum
927 805 1026 859 genus
1039 787 1149 857 dooere,

76 873 110 927 et
141 870 179 925 ab
212 866 345 924 omnibus
375 865 405 922 in
437 864 569 922 omnibus
599 863 722 937 intelligi
753 864 824 936 vult,
856 864 881 921 is
905 885 966 922 rem
987 886 1068 924 suam
1089 867 1151 925 sola

76 947 262 1023 experientia
282 946 452 1004 confirmare
472 947 596 1015 tenetur,
617 944 802 1020 rationesque
822 950 1037 1004 suasetrerum
1049 946 1150 1005 docen-

76 1029 183 1086 darum
215 1025 397 1085 definitiones
426 1024 463 1082 ad
495 1029 611 1099 captum
642 1023 741 1100 plebis,
773 1044 836 1099 quae
856 1024 1011 1084 maximam
1031 1026 1152 1084 humani

84 1107 202 1184 generis
222 1111 333 1182 partem
355 1104 508 1180 componit,
530 1103 656 1162 maxime
676 1106 900 1177 accommodare,
922 1125 979 1163 non
994 1113 1090 1164 autem
1102 1126 1152 1165 eas

84 1192 287 1257 concatenare,
319 1205 412 1260 neque
443 1184 632 1255 definitiones,
654 1188 741 1259 prout
761 1185 798 1242 ad
818 1184 945 1243 rationes
965 1186 1066 1244 melius
1086 1206 1151 1245 con-

78 1268 276 1327 catenandum
306 1265 478 1337 inserviunt,
511 1264 643 1334 tradere;
676 1265 748 1322 alias
778 1264 871 1322 doctis
901 1270 1015 1323 tantum
1035 1267 1150 1337 scribet,

81 1350 138 1407 hoc
166 1353 220 1417 est,
242 1367 260 1406 a
280 1345 461 1422 paucissimis
480 1349 594 1403 tantum
616 1344 787 1416 hominibus,
809 1345 834 1402 si
854 1365 919 1402 cum
940 1345 1057 1422 reliquis
1077 1366 1150 1405 com·

80 1433 235 1504 parentur,
266 1425 374 1502 poterit
403 1425 535 1500 intelligi.
556 1424 626 1483 Cum
647 1425 745 1499 itaque
765 1430 828 1483 tola
848 1424 997 1500 Scriptura
1017 1425 1048 1484 111
1068 1446 1151 1485 usum

81 1509 207 1582 integrae
246 1505 373 1565 nationis
401 1505 490 1580 prius,
523 1510 553 1564 et
582 1505 698 1562 tandem
730 1505 857 1563 universi
887 1505 1006 1564 humani
1037 1506 1153 1580 generis

84 1589 220 1648 revelata
239 1586 336 1657 fuerit,
357 1585 519 1644 necessario
540 1604 582 1653 ea,
605 1605 669 1660 quae
689 1585 720 1642 in
740 1585 803 1660 ipsa
823 1586 1016 1657 continentur,
1039 1587 1075 1645 ad
1087 1605 1152 1663 cap

81 1673 145 1728 turn
169 1668 262 1743 plebis
282 1666 408 1725 maxime
429 1665 636 1725 accommodari
658 1665 827 1735 debuerunt,
849 1671 878 1724 et
898 1667 959 1724 sola
973 1666 1152 1742 experientia

80 1748 274 1825 comprobari.
296 1748 368 1805 Rern
390 1747 496 1804 clarius
518 1746 699 1820 explicemus.
723 1746 792 1816 Quae
807 1745 1151 1821 Scripturadocerevult,

79 1849 147 1905 quae
168 1830 258 1887 solam
280 1826 503 1902 speculationem
525 1831 666 1900 spectant,
689 1826 753 1884 haec
765 1826 944 1901 potissimum
959 1831 1036 1898 sunt,
1048 1846 1152 1903 nempe

79 1909 147 1968 dari
178 1910 280 1979 Deum,
313 1908 375 1965 sive
406 1926 468 1981 ena,
501 1908 575 1981 quod
608 1906 703 1964 omnia
730 1906 807 1976 lecit,
829 1912 858 1964 et
878 1914 990 1965 summa
1010 1907 1152 1982 sapientia

79 1988 183 2064 dirigit
215 1995 245 2046 et
271 1991 431 2058 sustentat3
459 1993 489 2044 et
509 1987 585 2062 qnod
606 1986 752 2044 hominnm
774 2005 913 2044 summam
934 1988 1022 2046 habet
1043 2007 1150 2060 curam,

80 2089 187 2145 nempe
208 2089 315 2134 corum,
337 2067 387 2142 qni
407 2067 454 2143 pie
475 2072 504 2124 et
525 2067 646 2124 honeste
666 2066 784 2138 vivant;
805 2065 931 2141 reliquos
944 2072 1041 2125 autem
1054 2067 1153 2126 multis

81 2149 234 2225 suppliciis
254 2148 347 2223 punit,
371 2151 400 2205 et
421 2167 438 2205 1
459 2146 542 2204 bonis
563 2153 708 2221 segregat.
729 2148 827 2221 Atque
847 2147 909 2205 haec
929 2146 1078 2223 Scriptura
1091 2148 1153 2205 sola

83 2229 268 2305 experientia
300 2229 476 2302 comprobat,
508 2246 611 2301 nempe
642 2227 677 2284 iis
708 2246 779 2301 quas
809 2230 911 2284 narrat
936 2226 1078 2298 historiis;
1099 2246 1153 2285 nec

85 2310 161 2368 ullas
183 2311 286 2367 harum
307 2327 403 2366 rerum
424 2307 605 2365 definitiones
625 2306 723 2376 tradit,
744 2306 794 2364 sed
815 2306 910 2364 omnia
923 2307 1152 2365 verbaetratio·

86 2410 141 2448 nes
173 2389 271 2465 captui
299 2387 390 2464 plebis
410 2388 615 2446 accommodat.
636 2388 675 2445 Et
695 2386 826 2462 quamvis
845 2386 1025 2462 experientia
1044 2387 1152 2445 nullam

85 2471 190 2528 harum
212 2489 308 2528 rerum
330 2469 437 2527 claram
461 2468 654 2542 cognitionem
676 2468 745 2525 dare
765 2467 864 2542 possit,
886 2487 940 2525 nec
961 2467 1071 2535 docere,
1086 2467 1154 2543 quid

85 2551 166 2608 Deus
198 2551 245 2619 sit,
267 2553 297 2607 et
318 2568 375 2623 qua
395 2547 507 2606 ratione
528 2567 574 2606 res
594 2567 694 2605 omnes
714 2552 858 2606 sustentet
877 2553 908 2605 11
927 2547 1042 2622 dirigat,
1064 2547 1152 2606 homi·

85 2649 212 2704 numque
233 2648 331 2688 curam
352 2628 467 2700 habeat,
489 2633 586 2704 potest
606 2633 703 2686 tamen
723 2628 853 2686 homines
872 2632 984 2686 tantum
1007 2629 1108 2687 docere
1122 2633 1153 2687 et

81 2710 255 2781 illuminare,
287 2714 425 2784 quantum
448 2708 484 2766 ad
505 2708 697 2767 obedientiam
718 2713 748 2766 11
769 2708 949 2766 devotionem
974 2728 1072 2767 eornm
1094 2709 1152 2767 ani·

82 2790 140 2849 mis
170 2789 391 2866 imprimendum
422 2788 537 2847 sufficit.
568 2790 666 2863 Atque
703 2808 740 2846 ex
764 2789 810 2847 his
830 2788 902 2846 satis
921 2788 998 2846 clare
1018 2794 1152 2848 constare

84 2875 165 2946 puto,
195 2869 298 2945 quibus
319 2873 348 2927 et
369 2888 425 2944 qua
446 2869 558 2927 ratione
579 2870 650 2926 fides
669 2868 854 2927 historiarum
875 2868 905 2926 in
926 2869 1016 2927 sacris
1036 2875 1151 2927 conten-

82 2956 181 3010 tarum
218 2949 381 3009 necessaria
411 2948 463 3007 sit:
497 2969 534 3006 ex
563 2949 647 3007 modo
678 2949 802 3007 ostensis
832 2949 907 3007 enim
938 2949 1151 3008 evidentissime

81 3030 224 3107 sequitur,
257 3050 355 3088 earum
385 3029 519 3087 notitiam
549 3034 579 3086 et
609 3029 693 3087 fidem
724 3029 822 3104 vulgo,
843 3030 925 3105 cujus
944 3029 1092 3104 ingenium
1113 3030 1150 3088 ad

81 3130 131 3170 res
161 3111 239 3169 clare
270 3114 300 3168 11
331 3109 465 3168 distincte
495 3109 708 3185 percipiendum
739 3129 797 3168 non
826 3110 914 3180 valet,
946 3129 1055 3168 summe
1085 3129 1148 3168 esse

78 3191 282 3250 necessariam.
304 3189 423 3263 Deinde,
447 3209 520 3257 eum,
543 3189 593 3266 qui
613 3209 663 3248 eas
683 3195 781 3265 negat,
803 3190 871 3266 quia
885 3210 943 3249 non
953 3190 1045 3248 credit
1056 3190 1147 3248 Deum

84 3290 157 3343 esse,
190 3289 283 3346 neque
314 3290 379 3328 eum
410 3272 495 3328 rebus
516 3274 546 3327 et
565 3269 730 3328 hominibus
749 3270 910 3345 providere,
931 3269 1050 3344 impium
1071 3289 1147 3338 esse;

81 3349 135 3426 qui
164 3355 262 3409 autem
293 3369 342 3408 eas
372 3349 497 3425 ignorat,
522 3355 552 3408 et
571 3349 764 3408 niholominus
783 3350 891 3408 lumine
911 3349 1038 3407 naturali
1057 3347 1148 3421 novit,

83 3431 178 3490 Deum
199 3450 270 3502 esse,
293 3435 323 3489 11
344 3450 407 3505 quae
427 3449 514 3505 porro
528 3429 661 3500 diximus,
674 3436 703 3488 et
713 3430 815 3488 deinde
826 3449 924 3488 veram
934 3427 1053 3486 vivendi
1063 3428 1148 3487 ratio-

80 3530 149 3570 nem
181 3511 278 3579 habet,
310 3513 426 3569 beatum
458 3510 572 3568 omnino
604 3529 675 3580 esse,
707 3510 763 3568 imo
784 3510 872 3584 vulgo
892 3508 1059 3577 beatiorem,
1081 3508 1149 3584 quia

81 3595 188 3668 praeter
219 3610 305 3650 veras
336 3590 493 3666 opiniones,
525 3591 635 3649 clarum
664 3590 782 3666 insuper
809 3595 839 3649 et
866 3588 1032 3648 distinctum
1060 3591 1149 3648 habet

79 3677 262 3747 conceptum.
284 3671 415 3746 Denique
435 3671 574 3747 sequitur,
596 3690 671 3742 eum,
692 3671 741 3747 qui
760 3671 815 3730 has
835 3670 971 3729 historias
991 3670 1148 3746 Scriptura

80 3751 209 3827 ignorat,
238 3771 291 3810 nec
310 3750 418 3810 lumine
438 3751 564 3810 naturali
584 3751 692 3828 aliquid
713 3751 804 3823 novit,
826 3752 850 3809 si
870 3771 928 3810 non
948 3751 1066 3827 impium
1087 3752 1148 3809 sive

81 3836 292 3904 contumacem,
323 3831 512 3891 inhumanum
544 3837 639 3891 tamen
671 3851 734 3890 esse
765 3836 795 3889 et
824 3852 908 3907 paene
938 3834 1064 3902 brutum,
1095 3849 1149 3888 1111
