2662 4298
124 330 183 389 228
557 343 695 385 11111111
719 346 767 387 xr.
794 320 801 331 “

123 517 203 575 tione
233 513 359 589 partium
390 512 468 583 oriri,
496 513 551 571 hoo
571 510 776 587 experimento
798 514 1000 589 declaratur,
1020 538 1073 595 quo
1088 538 1116 594 sp
1222 541 1225 578 :

124 597 249 654 colorem
280 614 317 651 ex
348 592 473 669 Spiritus
496 591 572 651 Nitri
592 590 735 650 allusione
757 594 926 657 mutatum
950 598 1053 659 finisse.
1130 598 1136 609 ’

124 695 216 751 neque
236 679 344 733 tetrum
365 692 457 748 neque
477 692 596 731 suavem
616 672 725 731 habere
747 673 885 735 odorem
909 678 1034 739 Nitrum
1053 679 1096 750 ait,
1110 678 1142 738 111
1224 684 1225 693 ’

124 756 185 813 sola
219 754 407 813 dissolutione
440 758 549 811 tetrum
583 750 746 828 acquirere,
783 772 882 830 quem
918 757 954 817 in
986 758 1137 837 reconjm'

124 834 240 894 1111111111.

165 915 237 984 Quae
269 914 305 971 ad
337 913 412 971 Sect.
435 913 482 971 25.
505 918 590 971 notas
613 914 733 984 (catera
753 913 841 973 enim
865 937 905 976 se
929 939 996 978 non
1017 916 1150 995 tangem'

123 994 160 1053 iis
182 995 345 1070 respondet,
367 1013 450 1051 usum
471 1012 502 1051 se
523 993 613 1051 fuisse
633 991 788 1067 principiis
810 994 1005 1072 Epicuraeis,
1027 1020 1119 1077 quar

124 1080 233 1133 motum
254 1074 403 1150 particulis
423 1073 518 1131 inesse
538 1077 708 1142 cannatum
730 1092 809 1148 opus
832 1076 922 1136 enim
945 1080 1043 1140 fuisse
1062 1080 1139 1156 aliqu
1161 1076 1165 1087 '

124 1154 289 1231 Hypothesi
310 1155 346 1212 ad
368 1153 555 1212 Phaenomeni
577 1151 822 1228 explicationem
839 1174 941 1232 quam
953 1165 1168 1237 tamenproptur

124 1256 206 1295 suam
237 1254 296 1293 non
326 1233 425 1303 faciat,
457 1234 510 1292 sed
541 1232 687 1299 adhibeat,
718 1232 756 1290 ad
787 1239 991 1299 sententiam
1016 1262 1095 1300 suam
1111 1246 1170 1298 11111

125 1316 278 1392 Ghymioos
299 1320 329 1372 et
349 1313 469 1372 Scholas
489 1313 697 1383 sustinendum,
710 1312 866 1374 duntaxat
877 1321 1062 1393 ostendens,
1073 1342 1106 1380 111
1114 1320 1171 1395 Hp*

124 1397 200 1456 thesi
221 1399 380 1453 memorata
400 1414 461 1452 rem
482 1413 567 1468 posse
587 1395 660 1451 bene
671 1391 822 1468 explicari.
872 1397 969 1468 Quod
980 1401 1090 1461 ibidem
1127 1397 1173 1474 bid

126 1478 161 1535 de
191 1496 273 1551 aqum
305 1494 384 1550 purae
413 1473 607 1549 ineptitudine
637 1472 767 1531 solvendi
799 1480 912 1549 partes
935 1480 1031 1553 fixas,
1054 1479 1174 1555 eiBoyliu

125 1561 226 1614 noster
245 1556 410 1630 respondet,
432 1553 585 1628 Ohymicos
605 1552 712 1629 passim
727 1554 894 1615 observare
905 1564 941 1616 et
954 1580 1101 1635 asserere,
1111 1577 1176 1636 aqum

124 1655 227 1712 puram
248 1635 321 1693 salia
341 1635 492 1693 aloalizata
513 1634 599 1692 citius
619 1653 705 1709 quam
726 1632 784 1691 alia
805 1634 940 1698 solvere.

166 1715 237 1784 Quae
259 1714 335 1773 oiroa
356 1714 541 1773 Fluiditatem
562 1718 592 1772 et
612 1712 833 1773 Firmitudinem
847 1721 1031 1794 annotasti,
1047 1743 1083 1781 ea
1095 1721 1178 1781 1111111111

125 1794 243 1854 vacavit
256 1795 378 1853 Auctori
392 1794 564 1869 expendere.
586 1794 660 1852 Haec
673 1813 737 1869 quae
752 1793 943 1871 consignavi,
961 1801 1025 1860 tibi
1040 1800 1179 1862 transmitto
1219 1864 1223 1873 ,

126 1896 162 1934 ne
183 1875 291 1934 diutius
312 1874 480 1933 commercio
502 1880 532 1932 et
552 1874 693 1950 colloquio
714 1879 764 1932 tuo
784 1872 923 1937 literario
946 1880 1135 1942 destituerer.

166 1957 238 2015 Peto
266 1960 362 2014 autem
391 1954 565 2024 enixissime,
588 1953 708 2012 utboni
730 1973 764 2011 ea
785 1956 937 2029 consulas,
961 1980 1037 2036 quae
1059 1964 1128 2022 adeo
1143 1960 1182 2018 111

126 2037 224 2096 sultim
252 2042 281 2095 et
308 2035 440 2093 mutilate
467 2034 520 2092 tibi
548 2054 665 2110 repono,
689 2033 775 2108 idque
795 2053 867 2094 meae
888 2038 1001 2111 potius
1023 2038 1183 2107 festinationi,

126 2139 213 2194 quam
242 2115 362 2174 illustris
390 2114 485 2190 Boylii
514 2114 630 2190 ingenio
648 2115 768 2173 tribuas.
790 2113 835 2171 Ea
856 2116 973 2194 quippe
994 2123 1100 2198 magis
1118 2120 1185 2181 exfr

125 2198 230 2257 miliari
259 2217 321 2255 oum
352 2216 385 2254 11
407 2195 483 2253 11111
504 2196 559 2253 hoc
579 2196 740 2270 subjectum
761 2213 894 2253 sermone
917 2199 1044 2275 collegi,
1069 2222 1150 2279 quam
1163 2217 1187 2256 11

126 2279 295 2355 praescripta
326 2284 356 2335 11
387 2275 552 2333 Methodioa
579 2276 676 2350 aliqua
705 2276 767 2350 ejus
794 2276 1010 2351 responsione;
1046 2284 1124 2342 unde
1147 2280 1188 2339 siue

126 2360 213 2418 dubio
241 2360 359 2429 factum,
388 2361 421 2414 ut
446 2356 538 2413 11111111
566 2358 603 2414 ab
630 2356 692 2430 ipso
717 2355 794 2412 dicta
814 2373 860 2411 me
881 2356 1063 2432 effugerint,
1087 2364 1157 2421 forte
1171 2374 1189 2416 11

126 2439 265 2497 solidiora
297 2443 326 2495 et
356 2436 544 2510 elegantiora,
577 2456 662 2511 quam
694 2456 757 2508 qum
785 2433 832 2492 hio
860 2454 878 2492 a
905 2455 955 2495 me
978 2446 1191 2501 commemorata

126 2524 203 2577 sunt.
233 2518 352 2592 Culpam
380 2516 472 2591 igitur
499 2536 612 2574 omnem
640 2516 671 2574 in
698 2536 744 2573 me
771 2514 879 2590 rejicio,
908 2517 1099 2596 penitusque
1119 2525 1153 2581 ab
1168 2538 1192 2578 11

126 2599 283 2655 Auctorem
305 2597 404 2655 libero,
1007 2648 1009 2652 ,

167 2679 234 2735 dam
261 2677 297 2735 ad
324 2695 358 2734 11
378 2675 557 2750 progrediar,
580 2697 644 2752 quae
665 2675 735 2734 mihi
755 2680 850 2733 tecum
871 2673 1080 2741 intercedunt.
1104 2684 1142 2749 Et
1159 2679 1194 2738 hio

126 2756 157 2815 in
177 2757 240 2832 ipso
260 2756 358 2814 limine
378 2776 482 2831 rogare
503 2756 574 2814 mihi
594 2759 638 2815 fas
659 2757 705 2825 sit,
728 2755 923 2813 confecerisne
943 2754 1019 2816 illud
1042 2762 1126 2820 tanti
1146 2779 1193 2819 mo·

127 2837 218 2895 menti
246 2839 414 2912 opusculum
434 2841 525 2907 tuum,
547 2836 577 2894 in
599 2857 655 2912 quo
678 2838 713 2894 de
734 2856 830 2894 rerum
850 2835 1021 2910 primordio,
1045 2858 1195 2916 earumque

127 2918 319 2993 dependentia
348 2938 365 2975 1
393 2917 487 2993 prima
510 2937 606 2989 causa,
628 2922 662 2976 ut
683 2921 712 2975 11
733 2918 768 2974 de
788 2916 957 2974 Intellectus
978 2920 1082 2978 nostri
1104 2922 1196 2979 Emen-

128 2998 243 3056 datione
270 3003 389 3058 tractae.
419 2998 513 3067 Certe,
542 2997 595 3054 Vir
616 2996 807 3065 Amicissime,
829 2995 869 3054 nil
890 2995 975 3053 oredo
998 2996 1032 3056 in
1053 3001 1197 3074 publicum

127 3079 241 3154 prodire
268 3098 362 3154 posse,
392 3080 467 3153 quod
494 3076 574 3135 Viris
601 3098 705 3136 revera
726 3076 818 3135 doctis
839 3081 868 3134 11
889 3075 1048 3149 sagacibus
1070 3080 1198 3139 futurum

128 3159 166 3216 sit
193 3158 354 3217 istiusmodi
382 3160 522 3217 Tractatu
550 3158 662 3232 gratius
689 3158 736 3216 vel
764 3156 919 3232 acceptius.
944 3155 978 3212 ld
1001 3158 1048 3216 tui
1070 3161 1155 3233 genii
1175 3166 1199 3217 et

128 3237 238 3312 ingenii
267 3239 321 3297 Vir
349 3243 480 3315 spectare
507 3240 603 3314 potius
631 3239 724 3307 debet,
748 3258 834 3313 quem
856 3256 920 3312 quae
941 3237 1037 3294 nostri
1059 3241 1154 3299 seculi
1175 3244 1200 3298 et

127 3317 216 3375 moris
243 3318 399 3394 Theologis
425 3319 568 3378 arrident:
599 3338 657 3377 non
684 3323 744 3376 tam
772 3317 813 3375 illi
838 3316 990 3376 veritatem
1012 3337 1105 3391 quam
1129 3340 1199 3379 oom-

127 3397 281 3456 mcditates
307 3404 448 3473 spectant.
477 3400 518 3457 Te
545 3398 636 3473 igitur
663 3419 715 3474 per
742 3398 864 3456 amicitae
890 3400 997 3455 nostrae
1018 3397 1128 3470 foedus,
1152 3419 1200 3476 per

128 3476 226 3533 omnia
253 3477 385 3537 veritatis
412 3479 551 3554 augendae
579 3484 610 3536 et
630 3478 801 3553 evulgandos
820 3478 887 3551 jura
908 3479 1066 3544 contestor,
1089 3499 1130 3538 ne
1152 3486 1200 3538 tua

128 3556 164 3613 de
193 3558 371 3628 argumentis
397 3557 433 3616 iis
460 3559 568 3634 scripta
596 3559 679 3617 nobis
705 3557 837 3615 invideas
857 3559 904 3615 vel
925 3575 1023 3630 neges.
1045 3556 1078 3615 si
1100 3565 1200 3618 tamen

130 3635 198 3710 quid
224 3634 263 3691 sit
282 3637 400 3711 majoris
419 3639 565 3707 momenti,
587 3659 673 3714 quam
694 3657 749 3713 ego
770 3637 923 3713 praevideo,
945 3636 1020 3712 quod
1042 3638 1081 3695 ab
1104 3639 1201 3715 operis

130 3713 322 3789 publicatione
350 3722 380 3774 te
408 3722 514 3785 arceat,
544 3737 724 3793 summopere
754 3737 813 3787 oro,
842 3723 875 3776 111
895 3717 1039 3793 epitomen
1060 3719 1128 3793 ejus
1148 3740 1201 3795 per

128 3796 244 3861 litteras
272 3793 341 3857 mihi
361 3795 511 3870 impertire
532 3817 568 3856 ne
590 3797 733 3872 graveris,
755 3800 785 3853 et
806 3797 928 3855 amioum
948 3817 993 3855 me
1014 3797 1126 3858 senties
1146 3820 1200 3875 pro
