2662 4298
441 327 759 369 rusonoerco·1²ou1r101
780 328 844 368 CAP.
867 327 920 366 VH.
1169 311 1212 370 43

128 495 301 578 Legislator
321 496 403 571 leges
423 494 606 568 instituebat,
628 498 678 557 sed
699 502 733 556 ut
753 498 862 556 Doctor
883 497 1055 555 documenta
1073 497 1214 571 docebat;

129 576 200 654 quia
234 576 278 653 (ut
308 596 397 652 supra
427 577 619 652 ostendimus)
650 598 709 637 non
735 581 794 636 tam
816 576 945 636 actiones
966 581 1102 636 externas
1123 597 1213 653 quam

130 656 262 717 animum
283 656 429 732 corrigere
450 656 552 717 voluit.
574 657 689 716 Deinde
708 659 770 718 haec
790 657 954 716 hominibus
968 657 1113 735 oppressis
1126 657 1213 729 dixit,

129 737 180 814 qui
216 737 360 796 vivebant
392 736 423 795 in
458 737 609 813 republica
640 742 777 814 corrupta
809 741 839 796 et
869 737 919 796 ubi
946 737 1061 813 justitia
1091 757 1214 814 prorsus

128 817 340 894 negligebatur
364 821 394 876 et
415 817 498 893 cujus
518 817 633 876 ruinam
653 838 744 894 prope
764 817 873 876 instare
894 817 1021 877 videbat.
1042 818 1134 894 Atqui
1154 820 1212 879 hoc

127 897 206 958 idem
237 897 343 974 ipsum,
377 898 453 973 quod
485 897 533 957 hic
565 898 699 957 Christus
729 899 858 957 instante
888 897 977 956 Urbis
1007 897 1092 957 ruina
1116 899 1213 970 docet,

128 977 289 1038 deremiam
324 976 411 1037 etiam
446 977 477 1036 in
509 977 604 1054 prima
635 977 724 1038 Urbis
755 977 928 1048 vastatione,
961 977 1046 1036 simili
1075 978 1211 1038 nimirum

127 1063 271 1135 tempore,
304 1057 435 1117 docuisse
465 1057 598 1118 videmus
630 1059 708 1133 (vide
739 1059 872 1121 Lament.
905 1078 967 1134 cap.
991 1058 1215 1118 11111111

127 1140 210 1213 dot);
243 1157 334 1214 quare
365 1158 430 1197 cum
458 1139 514 1197 hoc
534 1159 593 1199 non
614 1138 670 1197 nisi
691 1143 821 1215 tempore
843 1138 1038 1214 oppressionis
1059 1139 1214 1198 docuerint

127 1219 295 1295 Prophetes,
327 1237 381 1277 nec
410 1217 440 1276 id
471 1218 554 1278 ullibi
585 1223 723 1294 tanquam
751 1219 800 1278 lex
821 1219 966 1294 prolatum
986 1218 1033 1287 sit,
1056 1223 1086 1276 et
1106 1224 1213 1278 contra

127 1299 229 1359 Moses
251 1297 313 1374 (qui
332 1318 391 1357 non
411 1305 542 1375 tempore
563 1298 759 1376 oppressionis
779 1297 904 1374 scripsit,
926 1298 976 1356 sed
997 1299 1039 1371 (et
1058 1299 1113 1357 hoc
1126 1301 1213 1373 nota)

125 1379 165 1438 de
197 1378 379 1438 instituenda
410 1381 487 1438 bona
516 1379 665 1455 republica
697 1378 865 1454 laboravit),
887 1377 1019 1453 quamvis
1039 1377 1126 1436 etiam
1147 1378 1209 1437 vin-

128 1459 240 1518 dictam
260 1463 291 1518 et
310 1458 407 1518 odium
421 1458 452 1517 in'
465 1459 629 1536 proximum
644 1459 835 1532 damnaverit,
850 1464 949 1517 tamen
961 1457 1081 1534 jusserit
1095 1459 1211 1518 oculum

127 1559 183 1616 pro
205 1539 289 1598 oculo
312 1539 440 1612 solvere3
461 1539 530 1598 hinc
551 1539 709 1599 clarissime
730 1539 862 1616 sequitur
883 1559 921 1598 ex
941 1538 1012 1614 ipsis
1033 1538 1101 1598 solis
1115 1539 1211 1615 Scrip-

127 1625 205 1680 turae
244 1619 450 1691 hindamentis,
485 1621 541 1679 hoc
572 1620 680 1680 Christi
711 1624 740 1679 et
772 1619 906 1679 deremiae
938 1620 1141 1678 documentum
1173 1621 1213 1679 de

128 1700 283 1759 toleranda
299 1698 415 1776 injuria,
430 1704 461 1759 et
473 1699 569 1776 impiis
582 1700 613 1759 in
631 1699 764 1759 omnibus
778 1700 969 1774 concedendo,
984 1696 1079 1758 locum
1093 1705 1212 1759 tantum

128 1781 239 1840 habere
259 1778 291 1838 in
310 1779 381 1839 locis
399 1779 448 1839 ubi
464 1780 579 1856 justitia
594 1780 754 1855 negligitur
768 1785 797 1839 et
810 1779 989 1855 temporibus
1003 1781 1209 1856 oppressionis,

128 1880 190 1920 non
221 1865 318 1920 autem
346 1859 378 1919 in
398 1862 475 1919 bona
495 1861 659 1937 republica:
682 1861 811 1936 quinimo
832 1859 863 1918 iu
883 1862 960 1919 bona
981 1860 1136 1936 republica,
1159 1860 1210 1919 ubi

127 1940 245 2018 justitia
275 1940 448 2012 defenditur,
479 1945 597 2000 tenetur
627 1940 834 2016 uuusquisque,
867 1940 892 1999 si
922 1960 954 1999 se
978 1941 1042 1999 vult
1062 1940 1209 2016 perhiberi

127 2021 250 2098 justum,
262 2019 384 2096 injurias
396 2040 494 2080 coram
503 2021 600 2098 judice
613 2021 731 2096 exigere
743 2020 823 2095 (vide
834 2020 929 2079 Levit.
942 2040 1004 2097 cap.
1019 2023 1065 2079 15.
1073 2040 1149 2080 vers.
1160 2023 1212 2096 l.),

128 2121 190 2161 non
220 2105 341 2178 propter
370 2100 530 2161 vindictam
554 2101 633 2176 (vide
653 2102 747 2162 Levit.
770 2121 833 2177 cap.
858 2102 904 2159 19.
927 2120 970 2159 vs.
993 2101 1040 2174 17,
1065 2101 1134 2175 18.),
1155 2101 1207 2160 sed

130 2181 228 2240 animo
258 2181 402 2257 justitiam
434 2183 572 2258 legesque
601 2181 710 2241 Patriae
742 2180 923 2250 defendendi,
955 2184 985 2238 et
1012 2185 1045 2238 ut
1065 2200 1102 2238 ne
1122 2181 1210 2239 malis

130 2261 270 2339 expediat
301 2281 364 2320 esse
394 2262 493 2321 malos.
528 2262 600 2332 Quas
621 2262 718 2320 omnia
739 2262 827 2320 etiam
848 2279 913 2318 cum
934 2258 1058 2317 Ratione
1078 2260 1207 2318 naturali

129 2343 218 2419 plane
250 2341 435 2402 conveniunt.
468 2343 516 2401 Ad
541 2344 618 2402 hunc
639 2343 754 2400 modum
776 2340 833 2399 alia
853 2341 937 2417 plura
957 2358 1071 2415 possem
1092 2340 1211 2398 adferre

130 2422 280 2499 exempla3
306 2422 355 2480 sed
378 2424 442 2481 haec
462 2423 594 2482 sufficere
615 2422 741 2482 arbitror
763 2422 799 2479 ad
819 2441 913 2480 meam
934 2424 1060 2479 mentem
1081 2425 1110 2478 ot
1131 2419 1207 2479 utili-

130 2507 222 2562 tatem
244 2502 332 2578 hujus
352 2502 479 2562 methodi
500 2503 708 2579 explicandam,
729 2502 803 2578 quod
818 2500 1076 2577 impresentiarum
1092 2505 1209 2560 tantum

131 2602 211 2642 curo.
232 2584 275 2641 At
295 2584 444 2658 hucusque
465 2603 515 2642 eas
536 2588 649 2642 tantum
673 2583 832 2659 Scripturas
854 2581 1014 2641 sententias
1027 2582 1211 2657 investigare

131 2663 290 2735 docuimus,
323 2683 389 2739 quas
417 2683 501 2722 usum
522 2663 592 2722 vitae
615 2668 757 2740 spectant,
780 2668 810 2722 et
832 2683 897 2738 quas
919 2666 1073 2739 propterea
1093 2662 1213 2721 facilius

131 2743 306 2818 investigari
337 2748 459 2819 queunt;
491 2764 561 2802 nam
591 2764 695 2803 revera
726 2745 761 2802 de
791 2743 827 2801 iis
848 2743 928 2802 nulla
948 2743 1025 2801 inter
1045 2742 1212 2819 Scriptores

131 2823 292 2882 Bibliorum
323 2843 451 2899 unquam
481 2824 538 2883 furit
569 2823 777 2882 controversia.
807 2824 930 2900 Reliqua
962 2828 1066 2893 autem,
1089 2842 1155 2898 quas
1176 2823 1210 2881 in

133 2903 257 2981 Scriptis
288 2908 453 2976 occurrunt,
486 2924 609 2980 quaeque
635 2905 723 2962 solius
744 2908 812 2962 sunt
832 2903 1045 2979 speculationis,
1067 2908 1210 2962 nontam

131 2983 218 3043 facile
248 2983 383 3060 indagari
403 2990 543 3061 possunt;
564 2985 613 3043 via
635 2984 710 3042 enim
732 2984 768 3041 ad
789 2984 854 3042 haec
875 2983 1028 3058 angustior
1048 2988 1107 3053 est;
1129 3003 1211 3054 nam,

133 3063 366 3140 quandoquidem
396 3064 427 3123 in
457 3067 543 3123 rebus
575 3063 761 3141 speculativis
784 3067 827 3132 (ut
845 3063 905 3138 jam
927 3063 1116 3136 ostendimus)
1138 3064 1209 3122 Pro-

130 3145 229 3220 phetas
259 3144 337 3203 inter
367 3165 398 3204 se
429 3145 647 3220 dhaentiebant,
680 3149 710 3203 et
740 3162 837 3202 rerum
868 3142 1051 3202 narrationes
1081 3143 1212 3202 maxime

134 3225 358 3284 accommodatas
380 3229 449 3284 sunt
469 3225 695 3302 uniuscujusque
717 3223 773 3282 aeri
793 3222 978 3298 praejudiciis,
993 3223 1110 3281 minime
1123 3223 1213 3281 nobis

133 3304 201 3364 lieet
224 3309 351 3364 mentem
372 3306 458 3364 unius
478 3307 634 3382 Prophetae
656 3325 694 3364 ex
713 3303 784 3362 locis
805 3302 976 3363 clarioribus
997 3303 1116 3362 alterius
1137 3322 1209 3361 con·

135 3385 258 3457 cludere,
291 3405 384 3461 neque
415 3385 571 3462 explicare,
592 3384 649 3444 nisi
670 3383 884 3443 evidentissime
904 3386 1027 3454 constet,
1049 3401 1098 3440 eos
1119 3401 1210 3441 unam

134 3465 310 3540 eandemque
330 3465 437 3525 fovisse
459 3465 643 3525 sententiam.

175 3545 322 3615 Quomodo
343 3546 434 3621 igitur
453 3565 536 3606 mens
556 3546 770 3621 Prophetarum
782 3544 814 3602 in
828 3543 968 3602 similibus
982 3541 1021 3601 sit
1035 3562 1071 3600 ex
1085 3541 1209 3602 historia

134 3625 292 3702 Scripturas
314 3628 450 3698 eruenda,
472 3626 572 3703 paucis
583 3626 643 3702 jam
658 3644 811 3701 exponam.
826 3624 936 3700 Nempe
950 3622 1027 3682 circs
1041 3623 1104 3681 haec
1119 3622 1209 3682 etiam

134 3726 152 3764 a
182 3706 307 3764 maxime
337 3706 549 3767 universalibus
577 3704 781 3782 incipiendum,
809 3704 979 3780 inquirendo
1008 3702 1117 3762 scilicet
1137 3708 1211 3761 ante

135 3786 231 3845 omnia
252 3806 289 3845 ex
310 3787 462 3846 sententiis
483 3786 640 3863 Scripturas
661 3786 787 3845 maxime
805 3785 899 3858 claris,
915 3783 982 3860 quid
997 3783 1036 3842 sit
1049 3782 1211 3858 Prophetis
