2662 4298
417 339 735 380 rnnon0e1oo·ron1rrcr
756 338 820 377 cnr.
841 338 903 376 xiv.
1138 318 1194 374 107

128 531 187 570 non
207 511 296 569 abuti.
319 509 397 580 Quis,
419 509 544 584 inquam,
566 528 625 567 non
637 508 726 578 videt,
738 509 814 566 hanc
825 506 979 565 maximam
989 526 1052 566 esse
1063 528 1192 582 causam,

128 612 180 650 cnr
210 589 325 649 sectarii
355 595 408 659 tot,
440 594 556 664 tamque
587 588 757 659 contrarias,
786 587 935 663 opiniones
962 592 1101 663 tanquam
1122 590 1188 648 fidei

129 674 300 731 documenta
330 671 460 740 doceant,
491 668 646 744 multisque
676 668 831 744 Scripturas
852 668 991 745 exemplis
1011 669 1189 742 confirment,

129 753 205 810 unde
226 751 302 826 apud
322 751 430 824 Belgas
449 750 554 808 dudum
575 749 607 807 in
627 769 710 807 usum
730 749 883 808 Proverbii
903 748 1015 821 abierit,
1026 752 1194 826 peenlcctler

127 834 231 890 soader
261 833 348 890 letter.
379 830 457 888 Libri
481 849 606 906 namque
626 829 701 887 sacri
721 848 780 888 non
801 832 838 888 ab
858 848 916 888 uno
937 830 1006 898 solo,
1029 849 1082 888 nec
1102 831 1187 889 unius
1231 832 1239 838 ”

127 912 224 971 aetatis
254 912 342 985 vulgo
372 910 472 985 scripti
501 910 628 980 fuerunt,
660 910 709 968 sed
741 929 758 967 a
789 909 921 986 plurimis
953 909 1059 968 diversi
1084 910 1194 986 ingenii

129 991 291 1067 diversique
323 990 378 1049 aevi
408 990 494 1061 viris3
527 1010 649 1066 quorum
680 990 705 1048 si
736 990 862 1048 omnium
893 995 1007 1067 tempus
1027 996 1195 1066 computare

129 1072 260 1147 velimus,
291 1072 352 1130 fere
381 1070 426 1129 bis
455 1070 532 1129 mille
550 1090 700 1140 annorum,
723 1076 753 1129 et
772 1071 847 1129 forte
868 1072 958 1130 multo
979 1070 1093 1144 longius
1113 1071 1192 1130 inve·

128 1153 232 1211 uietur.
265 1150 408 1210 Sectarios
437 1155 535 1210 tamen
565 1150 636 1209 istos
660 1152 793 1209 nolumus
812 1170 848 1209 ea
869 1151 904 1209 de
925 1171 1012 1209 causa
1032 1150 1190 1226 impietatis

128 1251 273 1302 accusare,
294 1231 369 1307 quod
390 1230 498 1289 scilicet
518 1233 608 1289 verba
629 1230 784 1307 Scripturas
804 1230 864 1289 suis
885 1230 1066 1306 opinionibus
1080 1251 1188 1289 accom-

130 1314 263 1383 rnodant3
294 1311 379 1370 sicuti
403 1312 480 1369 enim
501 1311 568 1370 olim
587 1310 651 1386 ipsa
671 1310 769 1387 captui
789 1311 870 1385 vulgi
892 1311 1106 1377 accommodata
1126 1311 1191 1383 luit,

127 1394 170 1451 sic
190 1391 276 1451 etiam
297 1391 451 1467 unicuique
471 1392 591 1450 eandem
612 1391 671 1450 suis
691 1391 873 1467 opinionibus
887 1390 1105 1449 accommodare
1115 1391 1192 1464 licet,

128 1473 153 1530 si
173 1472 261 1542 videt,
283 1492 314 1530 11
334 1471 501 1539 earatione
522 1473 593 1542 Dee,
613 1471 708 1542 iniis,
731 1491 794 1546 quae
814 1470 956 1547 justitiam
977 1475 1006 1529 et
1020 1471 1191 1530 charitatem

127 1557 270 1629 spectant,
304 1551 431 1628 pleniore
465 1551 553 1610 animi
588 1570 730 1610 consensu
764 1551 879 1610 obedire
913 1571 1012 1627 posse3
1028 1575 1030 1579 ’
1044 1553 1095 1610 sed
1126 1551 1192 1610 ideo

127 1634 243 1692 eosdem
263 1652 440 1704 accusamus,
462 1633 539 1707 quod
559 1633 635 1690 hanc
656 1632 777 1691 eandem
788 1632 952 1690 libertatem
963 1631 1080 1708 reliquis
1091 1632 1196 1690 111111

127 1713 292 1784 concedere,
319 1713 369 1771 sed
390 1732 498 1784 omnes,
520 1712 652 1788 quicum
673 1713 767 1771 iisden
787 1732 846 1771 non
866 1712 1003 1783 sentiunt,
1026 1732 1190 1787 quanquam

128 1792 322 1852 honestissimi
352 1797 382 1851 et
412 1811 488 1851 verae
513 1791 616 1851 virtuti
636 1796 869 1869 obtemperantes
889 1793 957 1858 sint,
978 1798 1117 1867 tanquam
1137 1792 1191 1850 Dei

128 1876 227 1932 hostes
256 1878 354 1932 tamen
373 1877 595 1949 persequuntur,
617 1877 647 1931 11
666 1878 768 1932 111111
789 1892 846 1944 111,
869 1873 918 1949 qui
938 1872 974 1931 iis
995 1877 1189 1945 assentantur,

128 1953 261 2030 quamvis
283 1952 515 2028 impotentissimi
535 1952 624 2011 animi
644 1953 711 2024 sint,
733 1958 831 2012 tamen
851 1957 991 2029 tanquam
1011 1952 1065 2011 Dei
1086 1953 1195 2012 electos

128 2034 271 2109 diligunt;
303 2054 359 2109 quo
391 2033 462 2092 nihil
491 2034 621 2108 profecto
654 2034 812 2105 scelestius,
844 2037 873 2092 et
901 2033 1076 2108 Reipublicae
1098 2033 1192 2108 magis

129 2113 328 2190 perniciosum,
359 2113 519 2189 excogitari
548 2118 652 2188 potest.
685 2115 726 2173 Ut
756 2113 846 2188 igitur
877 2117 998 2184 constet,
1031 2132 1189 2189 quousque,

129 2195 240 2253 ratione
270 2193 361 2265 Fidei,
393 2194 617 2270 uniuscujusque
646 2193 767 2252 libertas
797 2193 948 2264 sentiendi,
980 2213 1045 2268 quae
1066 2194 1138 2263 vult,
1160 2213 1194 2252 se

127 2274 268 2345 extendit,
289 2278 319 2332 et
333 2294 480 2349 quosnam,
492 2273 625 2349 quamvis
636 2273 751 2333 diversa
761 2274 928 2345 sentientes,
941 2278 1080 2348 tanquam
1090 2273 1191 2332 fideles

127 2361 226 2413 tamen
256 2354 383 2430 aspicere
413 2359 561 2425 tenemur;
592 2353 678 2413 Fides
705 2355 824 2430 ejusque
844 2353 1072 2413 fundamentalia
1093 2354 1188 2412 deter-

127 2435 264 2493 minanda
294 2439 376 2505 sunt3
409 2436 485 2510 quod
516 2434 631 2511 quidem
659 2434 690 2493 iu
721 2435 776 2492 hoc
805 2434 906 2510 Capite
927 2435 1022 2493 lacere
1043 2433 1188 2505 constitui,

126 2516 268 2590 simulque
298 2515 398 2573 Fidem
429 2535 447 2574 a
477 2514 663 2590 Philosophia
695 2534 839 2591 separare,
873 2515 948 2590 quod
979 2514 1069 2573 totius
1099 2514 1198 2590 operis

128 2595 303 2671 praecipuum
323 2595 467 2653 intentum
487 2595 551 2654 fuit.
573 2596 615 2654 Ut
634 2597 697 2654 haeo
716 2595 808 2670 igitur
829 2595 929 2653 ordine
949 2596 1108 2665 ostendam,
1121 2615 1195 2652 sum-

128 2696 206 2734 mum
226 2675 316 2733 totius
337 2675 492 2751 Scripturas
511 2675 655 2733 intentum
676 2680 856 2750 repetamus,
871 2675 899 2733 id
911 2675 987 2733 enim
998 2675 1081 2734 nobis
1093 2695 1191 2734 veram

128 2775 258 2814 normam
288 2755 370 2813 Fidei
400 2755 625 2814 determinandae
656 2754 804 2814 indicabit.
837 2755 970 2814 Diximus
1000 2755 1031 2812 in
1052 2754 1194 2831 superiori

127 2836 237 2912 Capite,
268 2835 412 2895 intentum
442 2835 599 2911 Scripturas
630 2855 693 2894 esse
721 2839 844 2908 tantum,
865 2835 1057 2894 obedientiam
1078 2837 1190 2894 docere.

128 2917 211 2986 Quod
242 2916 357 2992 quidem
388 2936 470 2974 nemo
500 2915 612 2974 inficias
642 2916 684 2974 ire
704 2920 809 2991 potest.
832 2916 903 2986 Quis
924 2915 998 2974 enim
1020 2935 1078 2974 nou
1099 2915 1187 2985 videt,

128 3001 282 3071 utrumque
303 2996 518 3054 Testamentum
536 2996 608 3054 nihil
619 3015 682 3054 esse
692 3001 801 3071 praeter
812 2995 982 3054 obedientiae
994 2995 1192 3072 disciplinam?

128 3097 182 3135 nec
203 3076 279 3134 aliud
295 3081 446 3151 utrumqne
459 3075 617 3150 intendere,
633 3095 720 3152 quam
735 3076 811 3152 qnod
825 3075 956 3135 homines
967 3096 1005 3134 ex
1014 3095 1083 3135 vero
1094 3075 1191 3134 animo

127 3160 345 3232 obtemperent?
375 3156 459 3227 Nam,
492 3162 524 3215 11
552 3157 613 3232 jam
633 3155 773 3227 omittam,
796 3176 859 3231 quae
879 3156 910 3214 in
930 3155 1070 3232 superiori
1091 3156 1193 3232 Capite

125 3236 248 3308 ostendi,
280 3237 376 3294 Moses
407 3256 465 3295 nen
491 3237 603 3296 studuit
622 3237 771 3295 israelitas
791 3237 915 3295 Ratione
935 3236 1114 3309 convincere,
1136 3237 1187 3295 sed

126 3321 221 3392 pacto,
244 3316 423 3393 juramentis,
445 3321 475 3374 11
494 3317 640 3376 beneficiis
661 3317 806 3392 obligare3
828 3316 931 3375 deinde
951 3317 1057 3392 populo
1077 3317 1190 3393 legibus

126 3400 326 3472 obtemperare
346 3399 399 3454 sub
420 3417 507 3473 poena
526 3397 730 3456 interminatus
751 3401 803 3467 eet,
826 3402 856 3455 et
876 3396 1001 3472 praemiis
1021 3398 1143 3456 eundem
1154 3397 1192 3455 ad

126 3478 156 3535 id
176 3478 351 3548 hortatus*;
374 3497 437 3552 quae
458 3478 553 3536 omnia
574 3478 667 3536 media
687 3498 746 3535 non
766 3479 803 3534 ad
825 3477 969 3546 scientias,
991 3477 1088 3536 sedad
1100 3478 1190 3537 selam

126 3557 319 3621 obedientiam
343 3563 419 3616 sunt.
441 3558 617 3633 Euangelica
638 3562 734 3615 autem
755 3558 886 3616 doctrina
907 3557 979 3615 nihil
999 3562 1105 3634 praeter
1125 3558 1191 3616 sim·

125 3637 228 3713 plicam
249 3637 334 3695 tidem
355 3637 499 3695 continet:
521 3657 624 3713 nempe
645 3638 705 3695 Deo
720 3638 838 3696 credere
849 3657 971 3713 eumque
982 3638 1117 3709 revereri,
1128 3639 1191 3697 sive

159 3817 170 3838 '
185 3817 232 3861 Ed.
250 3817 301 3861 Pr.:
318 3817 442 3862 hortatmn
