2662 4298
388 348 706 392 THEOLOfflco-Pomml
727 353 792 394 CAP.
814 353 867 394 vn.
1126 338 1169 396 45

90 523 266 592 habuerunt,
294 525 407 579 mutare
428 521 475 580 vel
497 540 680 598 corrumpere
701 521 839 598 potuisse,
861 541 920 580 non
941 527 1038 580 autem
1059 525 1167 582 verbo·

90 622 155 661 rum
176 601 433 676 significationem
454 601 530 660 adde
551 602 636 677 quod,
657 601 682 660 si
703 602 767 677 quis
788 602 910 679 alicujus
924 602 1007 661 verbi
1020 601 1164 678 significa·

90 682 209 752 tionem,
241 681 287 740 cui
318 681 477 753 consuevit,
498 681 530 739 in
550 681 636 740 aliam
657 687 770 741 mutare
791 682 871 754 velit,
892 702 951 741 non
972 682 1080 759 poterit
1100 682 1167 742 sine

90 762 262 822 difficultate
293 760 323 819 id
353 761 541 838 imposterum
572 767 602 821 et
627 762 705 821 inter
732 763 908 838 loquendum
928 767 959 821 et
979 763 1169 823 scribendum,

90 845 255 901 observare.
277 843 324 900 Ex
344 842 389 900 his
409 841 508 917 itaque
529 846 559 901 et
579 841 643 900 aliis
663 842 825 902 rationibus
844 842 929 901 facile
950 843 1034 901 nobis
1047 863 1167 920 persua·

90 923 200 992 demus,
232 922 340 980 nemini
370 922 401 980 in
432 927 558 982 mentem
589 922 689 981 venire
720 923 858 1000 potuisse,
886 923 1015 998 linguam
1038 923 1167 1000 aliquam

90 1020 287 1078 corrumpere;
319 1007 351 1060 at
382 1002 496 1078 quidem
528 1022 606 1078 saepe
626 1007 752 1062 mentem
774 1003 895 1080 alicujus
916 1002 1079 1079 Scriptoris,
1101 1005 1167 1081 ejus

90 1083 238 1142 orationes
258 1082 407 1152 mutando,
427 1083 476 1141 vel
497 1083 611 1141 easdem
632 1103 784 1160 perperam
805 1083 1035 1159 interpretando.

130 1163 202 1223 Oum
233 1163 333 1238 itaquo
362 1163 427 1221 haec
458 1167 559 1221 nostra
579 1164 734 1222 methodus
755 1166 833 1239 (quae
854 1163 886 1221 in
906 1183 940 1222 eo
960 1164 1109 1236 fundatur,
1130 1169 1168 1223 ut

89 1243 217 1319 cognitio
249 1243 407 1319 Scripturas
439 1244 475 1301 ab
507 1243 607 1302 cadem
634 1245 698 1302 sola
718 1245 846 1320 petatur)
868 1243 953 1302 unica
972 1248 1004 1315 ct
1022 1263 1093 1303 vere
1114 1244 1164 1316 sit,

88 1322 224 1400 quicquid
244 1323 308 1399 ipsa
328 1328 471 1399 praestare
492 1343 551 1382 non
571 1324 679 1400 poterit
700 1324 737 1382 ad
757 1324 903 1398 integram
924 1323 1081 1398 Scripturee
1096 1344 1173 1399 cog*

88 1403 229 1463 nitionem
257 1404 471 1480 acquirendam,
501 1404 536 1462 de
563 1423 596 1462 eo
617 1405 703 1479 plane
725 1404 945 1480 desperandum.
968 1402 1043 1474 Quid
1065 1408 1164 1462 autem

88 1483 153 1560 ipsa
181 1484 359 1543 difficultatis
387 1485 504 1558 habeat,
526 1484 574 1542 vel
595 1484 663 1559 quid
683 1484 714 1543 in
733 1484 798 1560 ipsa
819 1483 1049 1555 desiderandum,
1070 1488 1104 1542 ut
1124 1485 1162 1544 ad
1185 1541 1187 1544 ,

88 1565 234 1640 integram
262 1569 292 1623 et
313 1569 422 1622 certam
443 1584 590 1623 sacrorum
612 1564 748 1623 (lodicum
769 1564 963 1639 cognitionem
984 1584 1038 1623 nos
1059 1564 1166 1623 ducere

88 1644 189 1721 possit,
224 1644 269 1703 hic
298 1645 358 1720 jam
389 1644 551 1703 dicendum.
582 1645 693 1720 Magna
723 1644 863 1722 imprimis
892 1644 924 1703 in
950 1646 1006 1703 hac
1025 1645 1165 1704 methodo

89 1725 183 1784 oritur
214 1725 369 1783 difficultas
400 1744 438 1783 ex
462 1744 505 1798 eo,
528 1724 604 1800 quod
624 1725 734 1801 linguae
755 1725 908 1784 Hebraicae
929 1725 1075 1800 integram
1096 1745 1164 1800 cog·

87 1805 228 1864 nitionem
260 1804 361 1880 exigit.
393 1806 435 1864 At
466 1806 530 1864 haec
558 1806 634 1863 unde
661 1805 722 1881 jam
742 1805 889 1881 petenda?
911 1804 1032 1880 Antiqui
1051 1805 1164 1880 linguae

57 1901 60 1906 ’
87 1885 242 1944 Hebraicae
273 1885 399 1944 cultores
426 1884 499 1943 nihil
519 1885 685 1960 posteritati
706 1886 741 1944 de
762 1885 959 1944 fundamentis
979 1890 1010 1943 et
1030 1885 1165 1944 doctrina

86 1967 174 2042 hujus
205 1965 314 2041 linguae
346 1965 539 2041 reliquerunt,
573 1985 626 2024 nos
646 1967 750 2024 saltem
771 1967 809 2024 ab
828 1965 929 2024 iisdem
950 1965 1021 2023 nihil
1042 1985 1165 2042 prorsus

86 2047 243 2105 habemus:
276 2066 335 2104 non
355 2047 445 2104 ullum
467 2045 677 2104 Dictionarium
698 2065 791 2122 neque
813 2045 1047 2116 Grammaticam,
1068 2065 1164 2122 neque

86 2125 289 2198 Rhetoricam3
322 2127 450 2185 Hebraea
481 2131 577 2186 autem
609 2127 689 2185 natio
711 2126 807 2185 omnia
828 2130 999 2184 ornamenta
1019 2145 1164 2201 omneque

87 2207 175 2266 decus
196 2206 322 2283 perdidit
344 2211 407 2276 (nec
427 2205 540 2278 mirum,
562 2210 714 2282 postquam
734 2210 778 2264 tot
792 2206 888 2264 clades
903 2210 933 2263 et
945 2205 1164 2280 persecutiones

86 2307 174 2362 passa
188 2290 254 2361 est),
270 2307 324 2345 nec
338 2287 393 2345 nisi
407 2307 500 2363 pauca
514 2287 646 2362 quaedam
660 2287 826 2361 fragmenta
839 2286 948 2360 linguae
963 2289 992 2343 et
1003 2305 1161 2360 paucorum

85 2367 225 2426 librorum
257 2367 394 2438 retinuit3
427 2367 524 2426 omnia
555 2366 630 2425 enim
657 2367 718 2425 fere
740 2365 856 2424 nomina
876 2367 1030 2434 fructuum,
1053 2365 1172 2434 avium:

85 2447 220 2524 piscium,
241 2452 271 2506 et
290 2448 435 2523 permulta
456 2447 521 2519 alia,
543 2451 704 2523 temporum
724 2446 831 2522 injuria
845 2445 965 2523 periere.
981 2445 1172 2520 Significatio·

86 2528 190 2586 deinde
221 2528 377 2586 multorum
398 2528 545 2587 nominum
567 2532 597 2585 et
617 2529 782 2598 verborum,
804 2547 868 2602 quae
889 2526 920 2584 in
940 2525 1043 2585 Bibliis
1063 2545 1161 2585 occur·

85 2611 163 2676 runt,
187 2609 235 2666 vel
255 2628 375 2684 prorsus
394 2608 556 2683 ignoratur,
578 2608 626 2666 vel
647 2609 682 2666 de
703 2609 803 2666 eadem
822 2607 995 2683 disputatur.
1011 2607 1082 2665 Cum
1096 2608 1163 2665 haec

85 2688 194 2760 omnia,
215 2693 277 2747 tum
297 2688 443 2764 praecipue
465 2689 551 2764 hujus
572 2687 680 2763 linguae
701 2688 933 2764 phraseologiam
948 2687 1161 2759 desideramus3

85 2769 149 2844 ejus
170 2769 246 2827 enim
261 2770 382 2844 phrases
397 2774 426 2827 et
439 2770 540 2827 modos
554 2768 699 2844 loquendi,
714 2769 850 2827 Hebraeae
864 2767 975 2826 nationi
989 2767 1161 2843 peculiares,

85 2867 185 2907 omnes
216 2850 277 2907 fere
308 2853 421 2924 tempus
450 2850 523 2907 edax
551 2868 589 2906 ex
609 2848 757 2907 hominum
777 2848 916 2907 memoria
938 2848 1073 2906 abolevit.
1094 2847 1161 2906 Non

84 2929 184 3004 itaque
210 2948 323 3005 semper
344 2929 511 3005 poterimus,
532 2933 566 2986 ut
587 2929 792 3000 desideramus,
815 2948 914 2986 omnes
934 2927 1162 3003 uniuscujusque

85 3009 225 3067 orationis
257 3029 368 3080 sensus,
401 3029 473 3085 quos
502 3010 566 3084 ipsa
598 3029 636 3068 ex
665 3009 775 3084 linguae
803 3029 858 3067 usu
879 3008 1031 3067 admittere
1051 3012 1158 3083 potest,

83 3089 280 3164 investigare;
313 3094 343 3148 et
370 3091 469 3149 multae
498 3089 828 3157 commemorationes,
850 3087 1162 3164 quamvisnotissimis

83 3169 205 3228 vocibus
236 3190 391 3245 expressae,
422 3189 543 3246 quarum
572 3175 670 3229 tamen
691 3189 792 3228 sensus
813 3168 1032 3227 obscurissimus
1052 3167 1109 3227 crit
1130 3172 1162 3226 et

82 3251 171 3326 plane
202 3249 445 3326 imperceptibilis.
478 3251 525 3309 Ad
556 3252 628 3318 haec,
658 3251 734 3326 quod
761 3248 871 3307 scilicet
891 3248 1001 3322 linguae
1022 3249 1158 3306 Hebraeae

82 3330 243 3407 perfectam
275 3330 425 3389 historiam
457 3351 516 3389 non
545 3350 698 3406 possumus
718 3331 835 3398 habere,
857 3328 968 3387 accedit
988 3327 1051 3403 ipsa
1072 3328 1161 3404 hujus

82 3410 193 3485 linguae
216 3411 384 3469 constitutio
406 3415 436 3469 et
457 3415 579 3482 natura;
601 3430 639 3468 ex
659 3430 716 3485 qua
736 3414 781 3468 tot
796 3409 929 3468 oriuntur
943 3406 1159 3481 ambiguitates,

82 3494 118 3548 ut
139 3490 315 3565 impossibile
337 3491 385 3559 sit,
408 3491 493 3548 talem
515 3490 647 3548 invenire
668 3491 835 3548 methodum
847 3493 872 3556 *,
894 3508 958 3564 quae
980 3507 1080 3545 verum
1094 3507 1160 3546 sen-

84 3590 150 3628 sum
172 3571 299 3629 omnium
320 3571 482 3629 orationum
498 3570 656 3645 Scripturas
672 3573 751 3627 certo
766 3570 868 3628 doceat
881 3567 1068 3643 investigare.
1083 3568 1159 3626 Nam

46 3691 53 3700 -
81 3655 193 3727 praeter
213 3651 435 3726 ambiguitatum
451 3670 553 3708 causas
568 3648 700 3707 omnibus
714 3649 822 3724 linguis
836 3668 1009 3719 communes,
1024 3649 1160 3724 quaedam

115 3829 127 3855 ⁸
145 3829 183 3876 cf.
200 3831 293 3878 Annot.
312 3829 366 3877 VII.
