2662 4298
129 333 188 389 400
538 349 674 389 urrerem
697 350 788 390 uxvu.

129 523 158 576 et
189 520 226 576 ab
256 517 319 593 ipso
340 517 455 576 Christo
475 517 548 576 Filio
570 517 624 575 Dei
645 517 705 576 vivi
725 517 896 591 fundatam,
919 528 1127 598 propagatam
1146 526 1203 585 dein·

129 617 197 673 ceps
227 598 315 656 fuisse
339 598 553 673 abApostolis‚
575 602 722 656 eteorum
744 598 911 674 Discipulis
934 606 970 659 et
993 606 1203 678 successoribus

130 678 300 750 hominibus,
324 672 481 736 secundum
501 678 647 748 mundum,
669 678 800 748 indoctis,
814 680 881 756 ,qui
900 685 1013 740 tamen
1037 684 1206 762 Philosophus

130 777 229 816 omnes
250 759 451 828 confuderunt,
473 758 606 834 quamvis
626 758 794 816 Doctrinam
809 759 1041 834 Christianam,
1058 786 1122 841 quae
1131 768 1206 825 sensui

130 838 272 896 communi
300 843 456 914 repugnat,
490 842 519 896 et
549 858 633 896 omne
655 839 811 896 humanum
833 840 1043 902 ratiocinium
1066 848 1172 906 excedit
1186 855 1207 905 et

128 918 316 981 transcendit.
339 919 503 989 docuerint;
526 918 697 987 hominibus,
719 920 883 977 secundum
912 925 1079 996 mundum,
1102 928 1206 1003 abjecta

128 998 242 1066 vilibus,
274 1004 304 1056 et
334 998 516 1073 ignobilibus
549 1018 620 1073 quos
650 1018 709 1056 non
730 998 844 1074 adjuvit
868 1004 1019 1076 potentia
1042 1007 1154 1082 Regum
1171 1013 1208 1066 aut

128 1078 294 1153 Principum
324 1083 513 1148 terrenorum,
546 1080 597 1136 sed
622 1079 672 1154 qui
692 1084 811 1137 econtra
833 1083 875 1138 ab
899 1081 1016 1143 iisdem
1040 1089 1122 1146 omni
1140 1088 1208 1146 trib·

126 1158 235 1216 latione
265 1159 417 1234 persecuti,
443 1165 472 1216 et
493 1158 617 1234 reliquas
637 1159 735 1217 mundi
756 1160 966 1222 adversitates
990 1169 1131 1242 perpessi
1150 1175 1208 1238 suut,

129 1259 309 1314 quorumque
340 1258 420 1314 opus,
453 1259 508 1314 quo
530 1239 622 1314 magis
643 1239 841 1298 Potentissimi
863 1241 1089 1318 Imperatores
1109 1249 1209 1307 Romani

37 1338 40 1343 ·
128 1318 198 1377 illud
219 1319 366 1394 impedire,
388 1319 444 1376 imo
466 1319 627 1394 opprimere
647 1319 825 1389 nitebantur,
849 1328 931 1396 quot
946 1329 1209 1399 poteranthristi·
1245 1330 1247 1341 '

128 1419 199 1458 anos
230 1400 323 1456 omnis
354 1399 468 1473 generis
499 1399 638 1474 martyrio
669 1399 889 1469 interficientes,
928 1408 1025 1465 tanto
1052 1409 1121 1484 plus
1140 1410 1209 1468 incre

128 1480 218 1537 menti
246 1480 336 1555 cepit;
368 1485 454 1554 atque
476 1480 530 1537 hoc
549 1485 635 1554 pacto
656 1479 738 1537 brevi
759 1481 905 1555 Emporia
929 1487 1040 1560 spatio
1063 1509 1118 1565 per
1138 1497 1209 1548 totum

128 1565 271 1617 terrarum
303 1562 400 1617 orbem
432 1559 564 1617 diffusam
596 1579 658 1618 esse
690 1559 796 1618 Christi
828 1561 1019 1638 Ecclesiam,
1044 1589 1083 1628 ac
1104 1571 1208 1631 landen.

128 1641 163 1696 ad
195 1641 280 1697 fidem
312 1639 505 1699 Christianam
536 1640 684 1698 conversis
714 1640 776 1715 ipso
806 1640 951 1702 Romano
976 1647 1172 1724 Imperatore.
1189 1655 1210 1708 ct

128 1718 257 1792 Regibus
288 1719 527 1795 Principibusque
557 1721 691 1795 Europae,
716 1719 845 1778 inillam
868 1722 1035 1787 Potentiae
1060 1732 1209 1790 vastitatem

129 1798 293 1856 excrevisse
314 1799 514 1858 Hierarchiam
536 1800 776 1871 Ecclesiasticam,
791 1799 867 1859 sicut
878 1801 970 1863 illam
984 1808 1082 1869 hodie
1094 1810 1210 1870 admirari

126 1877 210 1949 licet3
242 1879 328 1953 idque
358 1899 441 1938 omne
476 1881 609 1938 effectum
640 1900 693 1955 per
727 1879 912 1951 charitatem,
950 1893 1208 1959 mansuetudinem,

128 1958 306 2033 patientiam,
339 1959 473 2018 fiduciam
503 1960 533 2018 in
564 1962 634 2032 Deo,
667 1965 697 2018 et
727 1960 853 2035 reliquas
875 1961 1083 2030 Christianae
1105 1973 1210 2031 virtutes

128 2042 198 2111 (non
229 2060 373 2098 armorum
394 2040 526 2115 strepitu,
549 2040 729 2099 exercituum
749 2060 978 2104 numerosorum
1005 2050 1050 2121 vi,
1076 2057 1108 2110 et
1128 2054 1210 2111 devas-

128 2119 239 2177 tatione
260 2120 429 2194 Regionum,
452 2120 536 2178 sicuti
558 2121 706 2196 Principes
726 2120 864 2179 mundani
885 2123 1004 2186 limites
1031 2151 1106 2190 suos
1128 2138 1210 2191 exten·

127 2200 221 2272 dunt),
254 2200 326 2258 nihil
350 2202 489 2258 adversus
510 2201 666 2258 Ecclesiam
688 2201 915 2277 praevalentibus
939 2206 1044 2268 Inferi
1066 2213 1168 2287 portis
1186 2217 1210 2269 ut

127 2281 152 2338 ei
173 2281 304 2355 promisit
326 2281 467 2338 Christus.
490 2281 544 2338 Hic
567 2282 654 2338 etiam
676 2283 821 2356 perpende
835 2283 973 2344 terribile
986 2294 1020 2346 et
1033 2291 1210 2351 ineffabiliter

127 2381 259 2419 severum
281 2362 462 2437 supplicium,
485 2381 540 2435 quc
562 2362 655 2420 Judaei
677 2363 714 2419 ad
736 2362 866 2419 ultimum
888 2364 1027 2426 miseriae
1054 2378 1087 2430 et
1109 2372 1208 2431 calami·

126 2443 195 2499 tatis
216 2444 338 2516 gradum
360 2442 488 2517 depressi
509 2448 585 2511 sunt,
609 2442 675 2516 quia
696 2442 842 2500 Christum
864 2446 1072 2521 crucifigendi
1087 2459 1210 2511 auctores

124 2522 250 2579 fuerunt.
282 2524 430 2591 Percurre,
461 2521 554 2591 volve,
577 2542 610 2578 ac
631 2523 748 2580 revolve
771 2521 896 2580 omnium
918 2529 1101 2602 temporum
1124 2534 1211 2591 Histo-

126 2602 193 2671 rias,
226 2607 255 2658 et
281 2603 352 2658 nihil
374 2603 464 2658 simile
486 2602 553 2677 quid
575 2602 605 2659 in
627 2603 683 2659 alia
705 2603 806 2676 quavis
828 2602 977 2663 Societate
1001 2611 1161 2683 accidisse,
1181 2633 1211 2670 ne

126 2701 179 2756 per
200 2681 340 2738 somnium
363 2682 486 2756 quidem,
509 2682 566 2739 illic
587 2683 725 2740 invenies,

167 2760 375 2818 Animadverte
407 2767 518 2835 quarto,
550 2762 580 2819 iu
602 2763 727 2820 essentia
749 2762 902 2821 Catholicae
923 2764 1078 2829 Ecclesiae
1102 2773 1212 2842 includi,

127 2845 156 2897 et
188 2860 289 2897 revera
321 2842 447 2916 ejusdem
479 2843 614 2900 Ecclesiae
645 2843 852 2917 inseparabiles
883 2863 957 2915 esse,
994 2853 1212 2926 proprietates3

127 2921 259 2978 nimirum
292 2923 509 2998 Antiquitctcm,
544 2943 600 2998 qua
625 2924 782 2980 succedens
802 2923 832 2980 in
852 2923 945 2980 locum
971 2927 1147 3005 Religionis
1168 2936 1212 2991 Ju-

127 3001 226 3071 deicae,
259 3023 323 3076 quae
355 3008 424 3060 tunc
455 3003 592 3078 temporis
620 3024 690 3060 vera
710 3008 781 3072 erat,
804 3002 916 3061 initium
938 3024 1028 3065 suuni
1056 3031 1075 3068 a
1100 3014 1213 3072 Christo

128 3087 195 3139 ante
217 3083 360 3141 sexdecim
383 3089 412 3141 et
434 3083 581 3141 dimidium
603 3084 709 3141 saccula
731 3088 871 3152 numerat,
894 3088 924 3140 et
944 3104 1001 3158 per
1024 3109 1120 3164 quam
1147 3115 1213 3152 mm.

128 3182 212 3237 quam
244 3164 414 3238 interruptae
446 3163 633 3222 successionis
668 3183 784 3221 suorum
812 3164 965 3221 Pastorum
990 3170 1104 3229 seriem
1129 3175 1213 3240 ducit,

127 3263 241 3318 quaque
263 3244 303 3312 fit,
326 3248 358 3300 ut
378 3244 428 3302 illa
449 3245 510 3301 sola
531 3245 618 3301 libros
640 3243 743 3301 Sacros
764 3243 941 3318 Divinosque
962 3265 1060 3319 puros
1077 3259 1110 3311 et
1125 3254 1214 3313 incor-

126 3329 235 3398 ruptos,
267 3344 325 3381 una
356 3343 420 3380 cum
451 3324 606 3381 traditione
628 3325 717 3381 Verbi
738 3324 791 3381 Dei
812 3344 870 3381 non
892 3325 995 3399 scripti
1019 3349 1113 3406 aeque
1136 3342 1215 3394 certa

89 3468 93 3478 ,
127 3422 160 3460 ac
191 3403 382 3471 immaculata,
411 3404 572 3479 possideat3
595 3405 867 3473 lmmrrtcbilitctcm,
889 3424 945 3478 qua
966 3405 1122 3470 Doctrina
1143 3417 1215 3490 ejus

127 3488 155 3538 et
191 3484 401 3542 administratio
437 3484 695 3553 Sacramentorum,
731 3489 817 3558 prout
852 3487 888 3542 ab
922 3484 985 3559 ipso
1024 3488 1152 3552 Christe
1188 3503 1216 3553 et

126 3563 273 3636 Apostolis
304 3569 415 3622 statuta
449 3568 501 3633 est,
533 3563 681 3633 inviolata,
716 3569 811 3638 atque,
844 3565 887 3622 uti
919 3569 1072 3638 convenit,
1109 3574 1141 3632 in
1164 3596 1216 3634 suo

126 3643 226 3716 vigore
257 3650 461 3712 conservatur;
495 3644 741 3715 Icfcllibilitctcm,
771 3665 828 3719 qua
850 3645 945 3702 omnia
966 3647 1003 3703 ad
1028 3650 1123 3711 fidem
1146 3675 1214 3731 per·

125 3722 248 3780 tinentia
280 3733 391 3782 summa
422 3745 484 3782 cum
516 3725 703 3793 authoritate,
727 3725 890 3794 securitate,
912 3730 941 3782 et
962 3728 1097 3790 veritate
1121 3736 1216 3795 deter-

127 3803 218 3861 minat
250 3808 279 3860 et
311 3805 416 3862 decidit
448 3805 601 3862 secundum
628 3810 801 3879 potestatem
823 3805 878 3879 ipsi
899 3826 916 3863 a
937 3805 1055 3866 Christo
1081 3813 1166 3874 hunc
1185 3817 1216 3874 in
