2662 4298
127 334 185 391 312
534 352 674 392 amsrom
694 353 789 391 xxxu.

126 519 221 596 idque,
245 525 277 579 ut
297 520 380 578 multi
400 525 514 596 putant,
537 521 688 579 Hollandis
708 520 801 596 magis
822 525 854 578 ut
871 520 1109 592 incommodent,
1126 540 1205 596 quam

126 604 159 658 ut
180 600 234 658 sibi
255 599 376 675 prosint,
398 600 475 659 viam
497 601 640 676 quandam
662 601 886 671 somniaverant,
908 620 1016 676 nempe
1041 605 1079 659 ut
1102 601 1205 659 dictum

125 680 284 755 principem
315 685 454 756 tanquam
482 681 669 740 mediatorem
698 681 728 739 in
750 681 886 756 Angliam
905 680 1077 739 mitterent.
1102 682 1207 739 Verum

124 780 171 818 res
203 760 289 835 plane
320 760 406 818 aliter
437 781 467 819 se
498 762 596 820 habet.
618 761 755 820 Hollandi
775 762 810 820 de
831 781 901 836 pace
922 761 953 818 in
975 761 1207 836 praesentiarum

127 859 180 898 uec
210 860 263 914 per
294 840 436 899 somnium
457 841 596 916 cogitant,
617 842 673 900 nisi
694 863 740 900 res
761 861 794 900 eo
816 843 890 900 forte
911 842 1025 910 veniat,
1051 846 1090 900 ut
1112 861 1210 918 pacem

126 919 249 995 pecunia
283 925 388 979 emant.
425 923 467 980 De
502 921 586 980 Sueoi
615 923 742 981 consiliis
770 923 865 980 adhuc
893 920 1069 993 dubItatur3
1105 927 1210 998 putant

126 998 256 1075 plerique
286 1020 351 1058 eum
382 1003 479 1060 Ments
509 1007 616 1077 petere,
639 1003 687 1061 alii
708 1002 875 1061 Hellandos.
898 1001 953 1060 Sed
976 1002 1044 1060 haec
1069 1022 1135 1060 non
1157 1002 1209 1061 nisi

127 1099 164 1138 ex
185 1081 360 1155 conjectura.

167 1160 252 1218 Hanc
283 1161 434 1236 epistolam
465 1162 614 1238 praeterita
645 1163 807 1237 septimana
837 1161 1020 1237 scripseram,
1058 1163 1115 1221 sed
1150 1183 1211 1221 eam

127 1240 242 1298 mittere
273 1262 332 1299 non
362 1242 452 1317 potui,
482 1241 549 1317 quia
579 1262 650 1300 aura
681 1244 795 1317 Hagam
817 1241 959 1318 proficisci
982 1244 1125 1302 vetabat.
1149 1243 1213 1301 Hoc

126 1319 299 1379 incommodi
330 1323 417 1380 habet
448 1322 580 1380 habitare
611 1323 641 1381 in
672 1342 757 1398 pago.
790 1323 864 1380 Nam
894 1341 960 1380 raro
993 1341 1049 1379 suo
1075 1327 1211 1399 tempore

126 1400 277 1476 epistolam
309 1402 431 1477 accipio;
463 1423 539 1471 nam,
571 1402 626 1460 nisi
658 1403 742 1461 detur
773 1423 810 1460 ex
835 1400 977 1461 accidenti
1000 1403 1125 1461 occasio
1148 1423 1210 1462 earn

125 1481 259 1539 mittendi
280 1502 331 1540 suo
352 1487 490 1557 tempore,
512 1483 673 1557 septimana
687 1503 745 1541 una
756 1488 807 1542 aut
818 1483 911 1540 altera
921 1482 1032 1540 transit
1043 1488 1210 1559 antequam

126 1581 188 1619 eam
211 1561 359 1636 accipiam.
381 1563 500 1635 Deinde,
523 1567 555 1620 ut
576 1582 639 1621 eam
660 1583 712 1621 suo
733 1568 862 1639 tempore
876 1561 992 1620 mittere
1007 1563 1138 1637 possim,
1151 1585 1210 1623 non

125 1660 192 1698 raro
224 1640 317 1699 oritur
348 1642 510 1701 difficultas
543 1643 614 1701 (lum
644 1642 734 1718 igitur
764 1643 872 1713 videas,
903 1661 949 1700 me
978 1641 1036 1701 tibi
1057 1664 1126 1701 non
1148 1649 1211 1703 tam

125 1725 258 1795 prompte
280 1741 314 1779 ac
335 1721 424 1780 debeo
445 1724 628 1798 respondere,
649 1722 678 1781 id
700 1744 758 1782 non
780 1744 817 1782 ex
837 1743 871 1782 eo
892 1722 991 1780 venire
1007 1728 1112 1798 putea,
1130 1726 1209 1801 quod

126 1799 169 1857 tui
190 1800 352 1860 obliviscar.
374 1802 494 1861 Interim
515 1808 628 1878 tempus
649 1809 734 1878 urget
755 1805 831 1862 hanc
851 1803 998 1873 claudere;
1022 1803 1059 1861 de
1084 1805 1210 1880 reliquis

126 1879 183 1937 alia
215 1880 380 1953 occasioue;
399 1883 459 1958 jam
480 1883 552 1941 nihil
573 1884 649 1942 aliud
671 1884 765 1942 dicere
786 1904 910 1960 possum,
932 1902 1019 1958 quam
1043 1888 1074 1942 te
1099 1905 1211 1961 rogare

127 1965 159 2017 ut
191 1960 374 2021 Nobilissimo
405 1965 460 2022 ΒΟ.
482 1963 583 2039 Boylio
612 1965 733 2022 salutem
757 1964 968 2041 plurimam'ex
988 1982 1037 2020 me
1060 1963 1159 2038 dieas,
1182 1971 1212 2025 et

127 2045 160 2098 ut
181 2041 237 2100 mei
258 2063 367 2101 memor
386 2043 478 2116 vivas,
501 2045 550 2120 qui
571 2065 634 2102 sum

799 2152 876 2208 orani
897 2150 1001 2223 affeetu
1023 2157 1096 2209 tuus

863 2249 896 2305 B.
919 2267 956 2304 ua
979 2247 1124 2310 Srmozn.

192 2372 342 2430 Voorburgi,
359 2373 397 2418 20.
414 2374 545 2418 novembri
564 2374 632 2419 1665.

168 2513 258 2589 Cupio
280 2514 353 2572 scire
374 2535 411 2572 an
423 2536 521 2573 omnes
533 2516 688 2574 astronomi
698 2517 829 2591 judicant
840 2517 911 2573 duos
920 2515 1009 2573 fuisse
1021 2523 1161 2578 cometas
1173 2542 1211 2580 ex

125 2612 226 2651 eorum
238 2600 326 2665 motu,
339 2615 376 2652 an
387 2615 456 2653 vero
469 2597 504 2653 ad
516 2597 688 2653 servandam
700 2596 875 2671 hypothesin
885 2595 1105 2670 Keplerianam.
1120 2601 1208 2660 Vale.

387 2916 410 2972 E
423 2935 440 2972 r>
452 2936 461 2973 1
475 2936 543 2974 sro
556 2937 572 2974 L
585 2937 605 2974 A
626 2918 755 2975 XXXIII
776 2919 853 2991 (ΘΗΜ
869 2921 933 2989 ΧῊ).

533 3052 603 3109 Viro
628 3053 796 3110 Clarissimo

593 3187 627 3242 B.
650 3205 677 3244 u.
701 3185 728 3243 S.

337 3278 578 3377 uuumou's
608 3317 983 3377 onuuuuuacrus

436 3455 591 3528 Responde
612 3456 651 3512 ed
667 3455 882 3528 precedentem.

215 3586 268 3643 Ve'r·
290 3589 537 3657 Prcestantisaime,
559 3588 658 3645 Arniee
676 3590 838 3663 plurimum
859 3588 978 3656 colende,

168 3721 348 3794 Perplacent,
371 3741 436 3795 quae
458 3722 493 3778 de
514 3720 640 3795 partium
660 3722 780 3780 Naturae
802 3741 866 3779 cum
880 3726 1095 3779 totoconsensu
1107 3742 1204 3783 nexu-

129 3820 184 3874 que
205 3800 433 3876 philosopharis3
455 3821 619 3876 quanquam
640 3823 697 3860 non
718 3802 790 3859 satis
811 3821 957 3876 assequar,
975 3801 1117 3876 quomodo
1134 3823 1201 3879 pos÷
