2662 4298
552 348 692 388 urrerem
713 351 763 390 xx.
1107 379 1109 382 Α
1134 335 1192 394 267

126 518 222 576 datam
254 517 339 575 fidem
370 521 400 575 et
428 516 630 591 jusjurandum
661 536 756 575 meum
789 536 850 576 rem
871 519 974 590 habeo,
995 517 1075 577 illum
1097 523 1194 577 actum

126 599 231 656 malum
253 596 415 656 comitatur.
438 596 513 666 Quid
532 596 592 672 jam
613 596 660 654 hic
678 602 811 673 respectu
833 598 886 657 Dei
907 603 984 657 esset
998 597 1193 673 Negetivum?

126 698 184 736 non
212 678 287 752 quod
309 682 405 735 aetum
425 676 619 752 progignendi
640 677 760 749 faciam3
783 683 927 753 quatenus
947 678 1053 736 etenim
1075 678 1099 736 is
1120 679 1194 760 posi·

126 757 204 816 tivus
225 762 277 831 est,
300 777 364 816 cum
386 757 485 826 eodem
507 758 585 815 Deus
606 757 760 817 concurrit
740 758 877 817 ttDebe
864 763 967 834 tergo
987 759 1065 817 istud
1077 756 1192 828 malum,

127 839 203 914 quod
223 838 372 895 illumt
325 842 372 895 act
374 857 421 895 um
443 837 549 896 comita
550 841 607 908 tur,
628 838 827 897 tantummodo
849 858 911 896 esse
914 840 1012 923 ,quod
1026 844 1160 914 egoeont
1161 859 1195 898 ra

127 917 275 994 proprium
296 918 390 976 fredus
410 918 458 975 vel
478 917 532 975 Dei
552 918 672 976 mandat
659 923 720 976 tum
742 938 806 976 cum
827 885 922 977 eliensi
929 909 1118 994 congredior,
1130 939 1194 978 cum

127 1019 184 1074 qua
215 1008 273 1056 non
304 997 380 1056 licet
412 999 479 1055 dam
510 1017 589 1069 vero,
621 1002 755 1073 potestne
776 999 848 1090 capi,
871 1000 963 1057 Deum
985 1004 1100 1057 nostras
1121 999 1195 1058 scire

128 1079 265 1149 actiones,
295 1097 359 1136 cum
380 1077 415 1135 iis
436 1097 616 1147 concurrere,
638 1079 813 1136 ettamen
806 1098 950 1153 rgnorare,
973 1099 1096 1155 quacum
1116 1079 1195 1138 illam

128 1158 269 1217 actionem
301 1157 493 1233 producimus,
526 1177 559 1216 eo
591 1158 684 1232 magis
715 1159 790 1233 quod
822 1161 902 1218 Deus
926 1160 1013 1218 etiarn
1034 1178 1099 1218 cum
1119 1159 1196 1218 illius

127 1239 253 1298 foeminae
275 1237 397 1309 actione,
419 1257 482 1296 cum
504 1258 643 1313 quarem
664 1239 816 1309 habebam,
839 1239 1005 1298 concurrit?
1028 1239 1061 1296 Id
1084 1240 1118 1297 de
1134 1241 1195 1297 Deo

128 1319 236 1378 sentire
268 1320 370 1376 durum
391 1318 515 1377 videtur.
537 1319 666 1377 Attende
687 1318 833 1377 occidendi
854 1325 966 1390 actum3
988 1324 1132 1395 quatenus
1152 1326 1196 1378 est

129 1404 212 1458 actus
232 1399 382 1474 positivus,
405 1418 470 1456 cum
491 1418 524 1456 eo
547 1399 627 1456 Deus
647 1399 806 1470 concurrit3
828 1399 879 1457 sed
899 1419 968 1458 vero
979 1399 1064 1458 istius
1075 1399 1196 1458 actionis

129 1481 272 1549 effectum,
303 1498 406 1554 nempe
433 1478 554 1555 alicujus
577 1478 661 1537 uncis
683 1478 907 1538 destructionem
929 1485 959 1538 et
979 1480 1033 1538 Dei
1054 1484 1195 1538 creaturae

130 1559 354 1627 dissolutionem,
388 1578 463 1616 anne
484 1558 652 1633 ignoraret?
673 1559 756 1634 quasi
776 1559 924 1636 proprium
946 1579 1018 1635 opus
1039 1561 1101 1618 Deo
1122 1560 1197 1618 foret

127 1639 317 1714 incognitum.
340 1640 451 1712 (Metuo
472 1659 510 1698 ne
530 1644 655 1697 mentem
676 1645 756 1698 tuam
767 1642 842 1699 bene
850 1638 1022 1716 percipiam:
1035 1639 1197 1716 Conceptus

132 1719 237 1796 quippe
258 1720 309 1790 tui,
321 1739 407 1795 quam
417 1724 520 1777 uttam
532 1720 639 1778 foedum
652 1720 815 1779 committas
825 1740 961 1790 errorem,
972 1720 1197 1796 perspicaciores

130 1803 220 1873 sunt.)
252 1801 389 1859 Fortasse
416 1799 547 1871 instabis,
570 1819 619 1858 eos
639 1804 730 1871 actus,
752 1805 839 1875 prout
859 1820 908 1859 eos
928 1820 1013 1877 pono,
1036 1819 1114 1859 mere
1134 1819 1197 1858 esse

131 1883 231 1950 bonoS,
263 1884 293 1937 et
323 1881 432 1938 nullum
463 1899 513 1938 eos
544 1879 675 1938 comitari
695 1880 815 1952 malum;
838 1882 980 1951 sedtum,
1002 1881 1197 1955 quidmalum

132 1980 289 2036 nuncupes,
312 1979 415 2036 capere
436 1980 556 2035 nequeo,
579 1961 655 2035 quod
679 1960 859 2036 perfectioris
879 1960 1052 2019 conditionis
1061 1960 1197 2037 privatio·

131 2061 196 2099 nem
209 2040 225 2072 ⁴*
246 2040 392 2116 sequitur;
415 2046 445 2098 et
465 2046 526 2098 tum
548 2040 674 2098 Mundus
684 2041 714 2098 in
727 2044 1028 2116 eetemaetperpetua
1042 2045 1198 2116 poneretur
1265 2074 1272 2085 ·

132 2120 308 2191 confusione,
331 2140 440 2196 nosque
460 2119 561 2179 bestiis
582 2120 689 2178 similes
700 2121 893 2180 redderemur.
907 2120 979 2178 Vide
991 2139 1098 2196 quaeso,
1111 2140 1197 2196 quam

132 2201 287 2260 utilitatem
308 2221 342 2258 ea
363 2201 509 2260 sententia
529 2201 635 2258 mundo
657 2201 809 2260 conferret.

174 2282 332 2356 Vulgarem
352 2281 476 2339 hominis
497 2280 719 2356 descriptionem
741 2281 845 2357 rejicis,
867 2285 897 2338 et
917 2280 1072 2355 unicuique
1090 2279 1199 2340 homini

133 2366 246 2419 tantum
273 2361 381 2419 tribuis
410 2360 605 2436 perfectionis,
637 2366 776 2435 quantum
809 2362 888 2419 Deus
913 2360 976 2437 ipsi,
999 2366 1033 2419 ut
1053 2365 1197 2436 operetur,

132 2441 257 2515 largitus
278 2446 331 2499 est.
354 2441 410 2499 Sed
425 2461 459 2499 ea
480 2441 592 2500 ratione
613 2441 684 2499 mihi
705 2441 812 2499 videris
834 2445 971 2511 statuere,
993 2440 1096 2516 impios
1105 2442 1199 2499 Deum

135 2542 218 2597 aeque
238 2542 273 2579 ac
293 2521 356 2597 pies
377 2521 437 2580 suis
457 2521 592 2597 operibus
613 2522 714 2581 colere.
738 2522 855 2592 Quare?
877 2521 944 2597 quia
965 2521 1080 2596 utrique
1091 2521 1199 2597 periec-

133 2602 209 2660 tiora
226 2606 373 2677 nequeunt
386 2602 544 2677 producere
560 2622 656 2678 opera,
672 2622 758 2677 quam
772 2607 911 2677 quantum
922 2601 1053 2676 utrisque
1064 2601 1198 2660 essentiae

133 2683 232 2740 datum
258 2687 310 2753 est,
333 2687 362 2740 et
384 2682 445 2740 suis
466 2683 598 2741 demonst
585 2688 666 2741 trent
654 2683 844 2742 teffectibus
867 2683 927 2741 Nee
947 2682 1017 2740 mihi
1039 2681 1199 2753 Quaestioni

132 2762 339 2821 satisfacere
331 2783 361 2820 1n
392 2763 519 2821 secunde
550 2763 736 2839 responsione
767 2762 883 2832 videris,
914 2763 1044 2832 dicendo,
1073 2763 1138 2857 Quo
1155 2782 1200 2820 res

132 2845 232 2918 alique
245 2845 281 2918 pi
281 2863 316 2900 es
325 2834 611 2917 perfectionishebet,
592 2847 748 2902 teoctiem
761 2863 854 2920 mepte
864 2845 899 2902 de
908 2845 964 2901 De
965 2851 1021 2902 tete
1026 2851 1100 2918 per
1101 2845 1198 2916 ieipet,

132 2925 245 2999 Deique
270 2923 472 2998 perfectorem
503 2925 639 2998 exprimit
669 2926 769 2998 mepte.
793 2926 885 2996 Quum
907 2943 972 2999 erpo
992 2923 1076 2998 probi
1096 2925 1199 2979 inesti-

132 3005 243 3061 mabitit
232 3010 275 3060 ter
300 3005 367 3078 pius
386 3005 568 3077 perfectionis
587 3022 675 3075 quem
695 3004 820 3078 improbi
840 3003 969 3076 habeant,
991 3006 1082 3061 virtus
1102 3021 1200 3060 eorum

133 3103 197 3142 cum
218 3084 415 3159 improborum
435 3085 539 3141 virtute
559 3087 726 3158 comparari
746 3085 850 3158 nequit.
876 3084 1010 3158 lmprodi,
1026 3083 1201 3159 qmieDeem

132 3183 190 3222 mem
221 3171 398 3239 copnescimt,
423 3183 481 3222 non
501 3170 568 3222 sunt
587 3166 645 3220 misi
664 3167 886 3222 instrumentum
906 3167 938 3220 ιἰι
958 3183 1049 3221 inune
1069 3162 1200 3234 artificis,

133 3245 210 3320 qued
229 3247 353 3301 inscium
374 3247 459 3302 servit
479 3252 504 3302 et
524 3243 1202 3319 serviendoeonsumitur,-Probicentrecemecii

132 3328 268 3395 serviunt,
300 3331 325 3381 et
355 3327 500 3382 serviendo
523 3325 711 3398 perfectiores
741 3325 872 3382 evadunt.
895 3323 931 3380 In
951 3322 1083 3398 utrisque
1104 3326 1202 3379 tamen

133 3404 189 3462 hoc
219 3424 321 3462 verum
342 3409 395 3474 est,
418 3424 467 3462 eos
487 3403 610 3479 amplius
630 3423 689 3462 non
709 3423 794 3478 posse
815 3403 944 3478 operari;
966 3408 1073 3479 quanto
1095 3400 1201 3459 etenim

133 3485 199 3559 plus
229 3483 415 3559 perfectionis
446 3483 493 3542 hic
514 3503 573 3559 prae
594 3483 643 3542 illo
664 3483 760 3556 efficit,
783 3487 865 3542 tante
886 3483 950 3559 plus
971 3482 1105 3541 essentiae
1126 3501 1203 3540 unus

133 3584 193 3640 prae
225 3565 280 3623 alio
312 3564 432 3639 aceepit.
464 3566 571 3623 Annon
603 3564 693 3639 igitur
725 3562 832 3638 exigue
853 3583 906 3622 sua
925 3562 1101 3639 perfectione
1121 3561 1203 3637 impii

135 3664 217 3720 aeque
249 3665 283 3703 ec
313 3644 353 3720 pii
378 3645 471 3702 Deum
493 3645 612 3702 colunt?
633 3645 718 3714 Nam,
740 3644 896 3702 secundum
918 3648 998 3702 tuam
1019 3641 1200 3713 sententiam,

165 3826 179 3852 ⁹
211 3825 286 3884 Resp.
303 3838 327 3884 p.
344 3824 397 3870 263.
414 3837 451 3868 vs.
468 3823 506 3868 26.
522 3823 609 3881 potius
626 3835 701 3880 quom
718 3822 795 3880 hujus
812 3836 836 3881 p.
854 3825 990 3868 extremos.
