2662 4298
522 359 661 398 nrrsrona
682 359 725 399 v1.
1108 344 1170 401 205

95 530 219 604 Nitrum,
242 547 334 604 neque
356 530 465 603 absque
486 546 540 601 ope
561 527 630 586 salis
649 527 776 587 lixiviosi
796 530 881 605 posse
899 530 935 588 ad
948 530 1167 589 consistentiam

96 610 201 680 reduci,
224 610 358 684 nequeo)
380 607 585 683 crystallisari;
608 609 655 667 vel
675 610 713 667 ad
733 609 882 669 minimum
903 610 1106 686 requirebatur
1119 611 1167 668 in-

95 691 218 765 quirere,
241 709 280 748 an
301 688 370 747 salis
390 688 450 760 fixi,
473 707 538 762 quae
559 688 590 746 in
611 689 757 748 crucibulo
771 695 878 762 manet,
891 690 1039 765 quant'tae
1052 710 1168 766 semper

95 771 195 829 eadem
227 789 265 828 ex
296 769 396 828 eadem
427 768 591 843 quant'tate
622 769 706 844 Nitri,
729 775 816 829 etex
836 771 945 847 majore
957 772 984 846 b)
1006 772 1165 830 secundum

95 850 312 926 proportionem
344 848 515 924 reperiatur.
536 849 575 907 Et
595 851 670 924 quod
692 851 728 908 ad
749 850 778 908 id
800 851 914 925 attinet,
936 851 1012 927 quod
1034 850 1162 910 Clarissi-

95 952 159 989 mus
180 931 234 988 Vir
244 931 270 1004 c)
292 930 333 988 ait
354 929 443 1003 (Sect.
465 930 505 1001 9.)
528 949 558 987 se
580 949 634 1005 ope
654 929 756 990 libellae
779 931 1010 1007 deprehendisse,
1033 936 1061 990 et
1077 932 1166 990 ctiam

96 1013 171 1086 quod
193 1012 388 1069 Phaenomena
408 1008 532 1084 Spiritus
552 1009 629 1068 Nitri
650 1011 722 1070 adeo
744 1011 803 1069 sint
824 1012 948 1084 diversa,
962 1012 1019 1069 imo
1031 1013 1176 1087 quaedam*

21 1119 24 1124 -
96 1091 243 1149 contraria
263 1088 464 1149 Phaenomenis
484 1089 574 1163 ipsius
595 1090 670 1148 Nitri
682 1093 729 1165 d);
751 1091 831 1162 nihil,
849 1111 912 1151 meo
924 1091 1036 1167 quidem
1047 1091 1166 1167 judicio,

94 1172 205 1229 faciunt
228 1172 264 1228 ad
286 1169 513 1228 confirmandam
535 1170 598 1245 ejus
619 1171 841 1230 conclusionem.
865 1172 947 1241 Quod
968 1177 1001 1230 ut
1015 1176 1167 1246 appareat,

93 1252 132 1323 id,
166 1252 242 1327 quod
273 1249 512 1326 simplicissimum
544 1251 669 1309 occurrit
693 1252 729 1310 ad
750 1252 840 1325 hoca)
862 1252 898 1310 de
918 1252 1168 1326 redintegratione

94 1332 172 1390 Nitri
194 1331 405 1406 explicandum,
426 1329 527 1405 paucis
548 1350 707 1406 exponam3
730 1331 870 1407 simulque
892 1333 948 1391 duo
970 1337 1021 1391 aut
1041 1332 1098 1390 cria
1113 1351 1164 1389 ex-

93 1412 256 1487 perimente
277 1410 431 1469 admodum
454 1409 552 1469 facilia
573 1411 739 1487 adjungam,
763 1411 867 1487 quibus
888 1413 989 1487 haacf)
1010 1411 1168 1487 explicatio

95 1492 190 1567 aliquo
221 1492 305 1549 modo
336 1491 531 1550 confirmatur.
564 1491 606 1548 Ut
635 1491 735 1568 itaque
766 1492 821 1551 hoc
841 1493 1057 1551 Phaenomenon
1079 1511 1165 1567 quam

96 1571 305 1648 simplicissime
326 1571 474 1646 explicem,
496 1571 604 1630 nullam
626 1572 712 1630 aliam
729 1571 925 1631 differentiam
938 1573 1016 1631 inter
1026 1572 1166 1647 Spiritum

94 1653 170 1711 Nitri
202 1657 232 1710 ct
262 1652 356 1727 ipsum
386 1651 541 1728 Nitrumq)
562 1672 676 1728 ponam,
698 1657 892 1728 praeterquam
914 1673 986 1726 eam,
1009 1653 1169 1728 quassatis

95 1735 139 1791 est
170 1732 342 1802 manifesta3
374 1732 450 1791 hanc
480 1731 598 1803 sedicet,
627 1735 704 1808 quod
724 1733 875 1809 particulae
897 1734 983 1810 hujus
1004 1733 1166 1808 quiescant,

94 1813 171 1871 illius
203 1831 272 1870 vero
304 1831 363 1870 non
393 1832 496 1887 parurn
527 1812 680 1872 concitatae
694 1815 724 1888 b)
755 1813 832 1872 inter
863 1833 926 1872 sese
947 1813 1105 1888 agitentur.
1126 1814 1168 1871 Et

94 1894 185 1951 fixum
207 1893 250 1951 sal
272 1893 346 1967 quod
369 1892 483 1963 attinet,
505 1892 534 1951 id
556 1893 628 1951 nihil
648 1894 745 1952 facere
766 1895 803 1952 ad
824 1894 1055 1953 constituendam
1069 1912 1165 1952 essen·

95 1973 164 2031 tiam
186 1972 263 2030 Nitri
274 1976 297 2048 i)
321 1992 496 2048 supponam;
519 1975 569 2031 sed
589 1973 683 2048 ipsum
695 1978 728 2032 ut
738 1976 768 2048 lc)
780 1975 867 2033 faeces
879 1974 955 2032 Nitri
966 1973 1162 2047 considerabo,

93 2073 112 2110 a
140 2053 245 2129 quibus
265 2072 358 2128 neque
377 2053 439 2127 ipse
463 2052 583 2128 spiritus
603 2053 680 2111 Nitri
701 2058 744 2123 (ut
765 2054 887 2129 reperio)
899 2056 920 2128 l)
942 2054 1090 2125 liberatur,
1112 2055 1163 2112 sed

92 2132 156 2207 ipsi,
179 2133 312 2208 quamvis
332 2132 493 2205 confricta,
515 2133 586 2192 satis
607 2134 721 2208 copiose
742 2133 878 2192 innatant
888 2135 938 2208 m).
960 2135 1024 2191 Hoc
1035 2134 1087 2204 sal,
1101 2133 1166 2192 sive
1262 2210 1267 2222 ι

93 2214 139 2272 hae
170 2215 265 2284 faccee,
298 2232 384 2289 poros
415 2212 477 2271 sive
497 2218 611 2271 meatus
631 2214 740 2272 habent
761 2218 918 2273 excavatos
939 2214 975 2271 ad
997 2233 1163 2271 mensuram

92 2293 299 2368 particularum
333 2292 461 2363 Nitrin).
494 2293 549 2351 sed
581 2293 611 2351 vi
631 2293 718 2369 ignis,
741 2294 848 2368 dumo)
869 2293 1020 2369 particulae
1042 2293 1163 2351 nitrosae

93 2394 129 2431 ex
171 2373 242 2450 ipsis
283 2373 512 2448 expellebantur,
556 2373 672 2448 quidam
713 2374 897 2449 angustiores
932 2377 1096 2446 evaserunt,
1132 2378 1165 2432 et

93 2473 144 2528 per
165 2473 344 2530 consequens
365 2453 414 2511 alii
435 2453 551 2512 dilatari
572 2457 759 2529 cogebantur,
781 2454 894 2530 etipsa
915 2453 1087 2523 substantia,
1101 2452 1165 2512 sive

92 2534 217 2609 parietes
250 2536 354 2593 horum
384 2538 540 2605 meatuum,
571 2534 683 2609 rigidae,
715 2539 744 2593 et
765 2534 849 2593 simul
870 2535 1023 2593 admodum
1043 2533 1166 2609 fragiles
1251 2587 1253 2591 .

92 2615 301 2687 reddebantur;
334 2614 466 2690 ideoque,
499 2635 563 2673 cum
595 2615 718 2690 Spiritus
749 2615 826 2673 Nitri
846 2615 901 2691 ipsi
921 2614 1163 2690 instillaretur,p)

96 2695 228 2771 quaedam
280 2694 370 2770 ipsius
420 2694 572 2770 particulae
623 2715 675 2771 per
723 2696 906 2771 angustiores
946 2695 1011 2753 illos
1050 2698 1166 2753 meatus

91 2775 201 2851 impetu
232 2794 263 2832 se
296 2774 443 2833 insinuare
473 2775 652 2850 inceperunt,
681 2779 760 2851 etp),
782 2796 846 2834 curn
867 2776 996 2852 ipsarum
1017 2774 1165 2834 crassities

92 2857 137 2928 (ut
168 2875 185 2913 a
217 2855 347 2913 Cartesio
378 2875 437 2913 non
467 2856 542 2914 male
573 2856 800 2931 demonstratur)
822 2856 861 2914 sit
880 2856 1041 2932 inaequalis,
1063 2875 1163 2913 eorum

92 2935 201 3010 rigidos
232 2935 358 3010 parietes
388 2935 470 3010 prius
500 2936 665 3006 flectebant,
697 2936 791 2994 instar
823 2943 915 3007 arcte,
938 2940 1092 3010 antequam
1113 2954 1165 2993 eos

89 3017 278 3089 frangereut3
315 3034 379 3073 oum
413 3020 509 3074 autem
543 3015 621 3090 ipsos
654 3016 835 3090 frangerent,
867 3016 917 3074 illa
946 3017 1112 3090 fragmenta
1133 3020 1162 3090 q)

92 3094 202 3153 resilire
234 3096 386 3169 cogebant,
419 3100 449 3154 et
480 3115 571 3170 suum,
594 3115 678 3171 quern
699 3096 855 3164 habebant,
880 3100 989 3154 motum
1010 3095 1164 3153 retinendo

92 3195 173 3250 reque
205 3194 239 3233 ac
270 3179 356 3233 antea
386 3173 491 3251 ineptae
518 3178 675 3234 manebant
696 3176 732 3234 ad
754 3175 968 3234 consistendum
990 3179 1078 3251 atque
1099 3194 1163 3249 cry·

93 3255 308 3326 stallisandum;
330 3259 429 3330 partes
449 3275 519 3314 vero
540 3255 657 3331 Nitria)
677 3275 730 3332 per
750 3255 870 3314 latiores
883 3260 996 3313 meatus
1010 3274 1041 3312 se
1054 3253 1163 3312 insinu-

123 3398 147 3454 a]
165 3399 222 3444 sive.
412 3397 436 3456 b)
452 3399 551 3455 muJort.
742 3397 763 3455 c)
780 3398 808 3444 cl.
826 3402 908 3443 autor.

123 3461 147 3517 d]
167 3461 265 3507 diuersa
282 3460 313 3506 ab
328 3461 393 3518 meta
408 3461 473 3506 nitri
489 3462 537 3506 imo
553 3461 666 3519 quadam
681 3462 818 3507 contraria.

123 3523 145 3578 e)
163 3523 196 3568 ad
211 3525 254 3569 hoc
271 3526 430 3581 fanmnenon.
502 3524 525 3580 f)
542 3523 665 3580 adferam,
682 3523 770 3581 quibua
786 3537 847 3568 mea.
918 3522 943 3580 9)
960 3524 1054 3567 antrum
1071 3523 1165 3580 sponna.

124 3585 148 3641 b)
165 3588 289 3639 concitate.
353 3587 371 3643 ij
388 3600 410 3644 q.
428 3589 480 3642 att,
496 3585 565 3630 nihil
581 3585 614 3630 ad
629 3587 762 3631 essentiam
779 3587 843 3630 nitri
860 3585 1055 3631 constituendam
1068 3587 1161 3643 facere.

125 3648 149 3697 bl
167 3653 285 3708 tanquam
301 3650 320 3706 f.
338 3663 363 3694 n.
375 3649 432 3705 jum
449 3660 515 3695 cona.
609 3648 627 3705 l)
645 3661 667 3693 a.
677 3663 700 3706 q.
709 3647 746 3706 (ut
754 3648 815 3706 rep.)
826 3661 900 3706 neque
909 3649 962 3707 ipse
970 3662 1041 3706 span.
1044 3661 1163 3707 prorsus.

125 3709 156 3765 m)
169 3713 280 3768 quam-cis
297 3711 429 3757 admodum
445 3711 525 3769 confr.
542 3711 595 3757 inu.
689 3711 715 3767 n)
732 3710 802 3756 habet
819 3711 853 3756 od
868 3725 901 3756 m.
913 3725 942 3769 p.
960 3726 983 3757 n.
1001 3724 1082 3756 excae.

123 3775 143 3827 ο)
160 3773 218 3818 dum
235 3775 260 3818 in
279 3787 333 3819 cum
350 3776 484 3819 mutatum.
606 3772 636 3831 p)
654 3777 676 3817 et
692 3773 826 3832 quadam.
845 3805 852 3819 .
870 3808 875 3819 .
893 3774 1036 3832 inciperent.

121 3835 144 3892 ql
157 3835 302 3894 fragmenta
318 3837 405 3882 bortum
420 3836 555 3894 parietum.
650 3835 675 3894 ν)
688 3836 832 3893 particulae
849 3850 905 3883 aero
921 3838 1028 3894 spiritua
1044 3836 1119 3881 nitri.
