2662 4298
345 351 659 391 resonos1oo·ron1r1cr
680 353 744 392 car.
766 353 830 392 xnn
1073 335 1128 393 101

66 519 244 596 praecipuum
273 522 326 589 est,
348 523 480 594 posteros
501 519 586 578 ahter
605 519 766 588 tradidisse,
788 539 874 594 quam
894 540 912 578 a
932 519 1033 596 primis
1052 540 1130 579 acce·

66 605 180 676 perant.
203 599 345 675 Quicquid
366 599 457 674 igitur
470 600 662 659 adulteratum
674 604 719 658 est
729 604 781 658 aut
789 601 965 670 mendosum,
976 600 1006 658 id
1016 604 1130 659 tantum

66 681 97 738 in
118 679 238 755 reliquis
258 679 425 754 contingere
446 679 555 756 potuit;
576 680 711 739 videlicet
721 680 751 738 in
762 700 820 739 una
830 685 881 739 aut
891 681 984 738 altera
992 680 1130 739 Historiae

66 765 119 819 aut
150 759 315 835 Prophetiae
337 760 561 833 circumstantia,
583 765 616 818 ut
635 761 758 835 populus
779 761 816 818 ad
837 760 1018 819 devotionem
1038 761 1130 836 magis

65 843 311 911 commoveretur3
345 840 393 898 vel
413 839 444 898 in
464 860 522 899 uno
542 844 594 899 aut
614 842 704 899 altero
725 839 871 911 miraculo,
894 845 926 899 ut
945 841 1131 917 philosophos

65 925 252 996 torquerent3
287 921 337 978 vel
371 920 493 994 denique
527 920 557 979 in
588 923 674 979 rebus
705 920 899 996 speculativis,
930 925 1082 997 postquam
1112 941 1131 980 a

64 1000 257 1059 schismaticis
286 1000 316 1058 in
348 1000 526 1076 Religionem
556 1001 699 1060 introduci
725 1001 909 1077 inceperrmt3
932 1005 964 1059 ut
984 1001 1025 1060 sic
1045 1021 1130 1060 unus·

64 1081 188 1156 quisque
210 1100 263 1138 sua
282 1081 421 1156 figmenta
441 1081 619 1140 authoritate
640 1081 738 1141 divina
758 1082 903 1139 abutendo
916 1081 1128 1141 statuminaret.

64 1161 122 1219 Sed
154 1162 190 1218 ad
221 1161 344 1219 salutem
375 1181 477 1236 parum
508 1162 606 1234 refert,
638 1161 699 1219 sive
720 1161 789 1220 talia
810 1162 969 1237 depravata
990 1162 1049 1220 sint
1068 1162 1129 1220 sive

63 1240 180 1299 minus:
213 1241 288 1316 quod
320 1241 350 1299 in
381 1241 513 1317 sequenti
538 1241 607 1317 Gap.
630 1262 665 1300 ex
686 1243 816 1317 professo
836 1242 994 1315 ostendam,
1016 1242 1071 1300 etsi
1091 1262 1127 1301 ex

59 1322 121 1398 jam
144 1320 237 1392 dictis,
260 1326 290 1379 et
311 1322 458 1396 praecipue
479 1341 516 1380 ex
537 1322 606 1398 (lap.
629 1324 666 1394 2.,
685 1323 745 1397 jam
766 1326 898 1380 constare
918 1326 997 1396 puto.

364 1504 366 1508 ⁴
454 1507 622 1567 CAPUT
650 1508 732 1567 XIII.

62 1695 240 1765 ostenditur,
266 1696 454 1770 Scriptorum
474 1714 530 1753 non
551 1697 608 1753 nisi
629 1698 840 1771 simplicissima
861 1697 966 1766 docere,
984 1716 1034 1754 nec
1048 1698 1129 1756 aliud

109 1783 219 1850 preater
240 1776 430 1833 obedientiam
450 1777 594 1834 Intendere
597 1798 610 1850 ;
630 1795 680 1834 nec
700 1779 734 1834 de
755 1777 853 1835 divina
874 1783 982 1835 notura
1001 1778 1083 1834 atiud

184 1857 292 1925 docere,
320 1875 408 1930 quam
430 1857 506 1930 qood
525 1857 650 1914 homines
669 1864 745 1914 certa
765 1858 876 1915 vivendi
894 1859 1005 1915 ratione

465 1939 578 1994 Imitari
593 1944 725 2010 possunt.
750 2011 752 2015 Ι

101 2123 137 2180 In
158 2122 227 2198 Gap.
251 2123 278 2180 2.
300 2123 386 2198 hujus
406 2124 561 2181 Tractatus
580 2123 766 2195 ostendImuS,
781 2123 943 2197 Prophetas
953 2122 1126 2198 singularem

59 2208 175 2261 tentum
207 2202 366 2277 potentiam
401 2203 587 2277 imaginandi,
626 2204 675 2261 sed
705 2223 763 2261 non
783 2202 962 2277 intelligendi
983 2203 1125 2272 habuisse,

59 2284 211 2357 Deumque
239 2283 319 2341 nulla
338 2282 525 2358 philosophiae
546 2303 661 2354 arcana,
684 2284 734 2341 sed
755 2303 802 2341 res
822 2282 1046 2359 slmplicissimas
1065 2287 1126 2341 tan·

59 2368 124 2422 tum
145 2362 246 2422 iisdem
267 2363 452 2434 revelavisse,
474 2383 594 2439 seseque
615 2383 712 2422 eorum
727 2363 936 2439 praeconceptis
947 2362 1128 2439 opinionibus

60 2443 334 2502 accommodavisse.
357 2443 542 2502 Ostendimus
563 2444 666 2502 deinde
687 2443 717 2501 in
738 2444 807 2518 (lap.
830 2445 868 2514 5.,
890 2442 1067 2518 Scripturam
1080 2463 1127 2502 res

60 2544 95 2582 eo
117 2524 202 2581 modo
223 2524 339 2582 tradere
359 2529 389 2582 et
410 2524 521 2594 docere,
544 2544 599 2599 quo
620 2524 753 2583 facillime
774 2527 811 2583 ab
832 2543 1002 2599 unoquoque
1018 2522 1126 2600 percipi

60 2608 200 2680 possunt;
232 2624 297 2679 quae
330 2603 438 2662 scilicet
471 2624 529 2661 non
560 2624 597 2662 ex
625 2605 778 2663 axiomatis
798 2609 828 2662 et
848 2604 1060 2663 definitionibus
1080 2623 1126 2662 res

61 2684 178 2742 deducit
220 2690 249 2741 et
284 2688 463 2752 concatenat,
497 2684 546 2742 sed
578 2690 692 2742 tantum
724 2684 891 2760 simpliciter
920 2684 997 2754 dicit,
1029 2688 1059 2742 et
1090 2686 1125 2743 cd

59 2765 146 2822 fidem
172 2764 334 2822 faciendam
355 2764 416 2822 sola
436 2765 623 2839 experientia,
645 2765 791 2824 miraculis
811 2765 918 2824 scilicet
939 2770 969 2824 et
989 2764 1125 2837 historiis,

59 2845 138 2902 dicta
170 2845 330 2915 confirmat,
362 2864 484 2920 quaeque
515 2845 601 2903 etiam
633 2845 683 2903 tali
712 2845 788 2921 stylo
819 2849 849 2904 et
878 2845 1032 2920 phrasibus
1062 2865 1125 2903 nar

59 2930 172 2996 rantur,
205 2924 309 2999 quibus
339 2925 463 2983 maxime
491 2924 582 2999 plebis
611 2925 723 2984 animus
744 2925 915 2984 commoveri
935 2930 1047 3001 potest:
1069 2946 1125 3001 qua

60 3005 95 3063 de
131 3024 164 3062 re
195 3005 260 3063 vide
292 3005 361 3080 (lap.
394 3007 421 3063 6.
454 3005 530 3063 circa
562 3026 604 3076 ea,
636 3025 700 3080 quae
722 3006 784 3064 loco
804 3006 859 3064 III.
882 3007 1123 3064 demonstrantur.

61 3083 248 3144 Ostendimus
266 3085 388 3160 denique
408 3085 439 3142 in
460 3085 528 3160 Gap.
552 3087 588 3151 7.,
610 3085 807 3145 difficultatem
828 3086 1009 3161 intelligendi
1030 3086 1123 3162 Scrip-

61 3170 159 3223 turam
178 3164 292 3223 insola
312 3166 421 3240 lingua,
443 3170 473 3223 et
491 3185 548 3223 non
558 3166 588 3224 in
600 3166 775 3225 sublimitate
786 3167 949 3241 argumenti
959 3166 1042 3224 sitam
1053 3185 1123 3225 esse.

61 3245 117 3303 His
139 3245 258 3315 accedit,
281 3247 357 3321 quod
380 3246 533 3320 Prophetae
554 3267 611 3304 non
636 3247 745 3323 peritis,
768 3248 818 3304 sed
842 3247 973 3304 omnibus
994 3245 1124 3304 absolute

61 3324 175 3385 Iudaeis
205 3326 448 3400 praedicaverunt,
469 3327 602 3402 Apostoli
622 3333 719 3386 autem
740 3326 899 3385 doctrinam
920 3324 1133 3399 Euangelicam·

60 3405 90 3464 in
125 3404 270 3477 Ecclesiis,
302 3405 352 3464 ubi
382 3407 541 3465 eommunis
571 3407 697 3466 omnium
728 3411 792 3464 erat
822 3411 990 3474 conventus,
1022 3406 1123 3464 docere

60 3487 209 3544 solebant:
232 3506 269 3544 ex
290 3486 393 3560 quibus
413 3486 545 3544 omnibus
565 3487 703 3562 sequitur,
726 3485 882 3561 Scripturae
894 3485 1052 3544 doctrinam
1065 3505 1121 3543 non

61 3565 199 3624 sublimes
229 3567 441 3642 speculationes
471 3586 564 3641 neque
594 3587 649 3626 res
664 3566 876 3641 philosophicas
896 3565 1052 3635 continere,
1073 3564 1121 3625 sed

59 3665 106 3704 res
126 3650 242 3704 tantum
262 3646 494 3723 simplicissimas,
517 3668 581 3723 quae
601 3649 648 3706 vel
668 3667 686 3705 a
707 3647 812 3720 quovis
824 3647 988 3706 tardissimo
1002 3651 1123 3722 possunt

58 3726 177 3801 percipi.
199 3727 264 3784 Non
287 3727 357 3785 satie
376 3727 474 3802 itaque
494 3727 591 3786 mirari
613 3746 729 3803 possum
750 3746 857 3802 eorum,
874 3729 908 3786 de
922 3728 1121 3803 quibussupra

58 3806 172 3865 locutus
202 3827 274 3877 sum,
305 3807 431 3882 ingenia,
464 3807 514 3882 qui
544 3807 652 3867 scilicet
679 3811 738 3864 tam
761 3807 953 3881 profundam
974 3807 1123 3882 Scriptura
