2662 4298
430 360 747 401 rusonosroo-Pomrrcr
770 363 834 403 cnr.
857 363 918 402 xvr.
1153 345 1209 403 123

178 533 289 588 Verum
322 529 397 587 enim
431 548 509 598 vero,
543 535 652 603 quanto
680 529 718 587 sit
739 531 902 589 hominibus
922 529 1029 600 utilius,
1051 532 1208 590 secundum

127 613 217 688 leges
238 616 270 668 et
291 615 371 667 certa
384 615 493 667 nostrae
506 609 636 667 Rationis
649 610 805 668 dictamina
816 611 922 681 vivere,
935 631 1009 686 quae,
1020 610 1063 669 uti
1075 610 1207 681 diximus,

127 712 195 751 non
217 690 273 749 nisi
295 709 396 747 verum
418 689 566 747 hominum
589 690 659 747 utile
680 691 843 762 intendunt,
866 711 949 749 nemo
960 695 1057 766 potest
1067 691 1207 750 dubitare.

129 774 286 832 Praeterea
307 770 404 827 nullus
426 775 480 836 est,
503 770 552 844 qui
575 790 632 827 non
655 771 752 846 cupiat
773 791 876 829 secure
891 776 976 829 extra
985 777 1102 840 metum,
1114 773 1207 847 quoad

113 852 200 911 ‘fieri
231 856 338 926 potest,
371 850 484 919 vivere3
521 851 597 924 quod
630 855 727 909 tamen
758 851 879 908 minime
904 856 1000 927 potest
1030 852 1207 927 contingere,

127 931 277 1009 quamdiu
298 930 453 1004 unicuique
475 930 511 987 ad
532 931 654 987 lubitum
676 931 773 988 omnia
793 933 888 990 facere
908 931 984 999 licet,
998 951 1051 989 neo
1061 932 1127 1007 plus
1135 933 1210 1007 juris

129 1011 266 1077 Ratioui,
289 1030 376 1085 quam
398 1010 462 1067 odio
484 1015 513 1067 et
533 1010 584 1067 irae
607 1011 788 1082 conceditur;
810 1031 876 1069 narn
898 1012 994 1069 nullus
1008 1017 1061 1079 est,
1073 1012 1121 1087 qui
1131 1012 1209 1071 inter
1296 1050 1299 1054 ι

127 1091 313 1159 inimicitias,
336 1089 410 1152 odia.
433 1090 514 1159 iram,
536 1095 566 1147 et
587 1091 666 1148 dolos
687 1111 745 1148 non
767 1091 853 1149 anxie
876 1091 965 1160 vivat,
988 1111 1111 1167 quaeque
1125 1093 1206 1157 adeo,

130 1177 280 1248 quantum
303 1171 333 1227 in
355 1190 386 1228 se
407 1175 460 1239 est,
483 1190 541 1228 non
562 1176 682 1228 conetur
703 1171 805 1229 vitare.
829 1171 910 1240 Quod
933 1172 957 1228 si
978 1171 1207 1230 etiamconside-

85 1320 88 1325 ¹
128 1273 245 1321 remus,
269 1251 400 1308 homines
421 1253 531 1325 absque
551 1256 652 1308 mutuo
674 1251 780 1308 auxilio
795 1251 954 1310 miserrime
969 1256 998 1309 et
1008 1254 1117 1325 absque
1128 1253 1208 1311 ltati·

129 1331 203 1391 onis
224 1332 304 1389 cultu
326 1331 490 1388 necessario
512 1330 619 1400 vivere,
642 1337 675 1388 ut
688 1331 717 1389 iu
729 1331 798 1407 Gap.
814 1336 840 1389 5.
854 1331 1039 1402 ostendimus,
1052 1332 1207 1390 clarissime

130 1411 311 1479 videbimus,
335 1411 463 1468 bomines
486 1411 521 1468 ad
544 1431 643 1469 secure
665 1417 694 1469 et
715 1412 821 1486 optime
836 1411 991 1469 vivendum
1004 1413 1166 1470 necessario
1176 1413 1207 1471 in

129 1512 228 1552 uuum
262 1491 429 1566 conspirare
461 1491 602 1559 debuisse,
635 1512 669 1549 ac
700 1492 820 1567 proinde
843 1492 979 1563 effecisse,
1001 1497 1035 1550 ut
1053 1491 1108 1566 jus,
1131 1494 1207 1567 quod

130 1572 337 1647 unusquisque
366 1591 403 1628 ex
423 1571 535 1629 Natura
556 1573 592 1629 ad
613 1573 710 1629 omnia
732 1573 865 1640 habebat,
888 1571 1036 1631 collective
1057 1574 1208 1644 haberent,

131 1671 233 1726 neque
255 1651 378 1726 amplius
399 1671 436 1708 ex
456 1651 486 1708 vi
507 1657 537 1709 et
557 1652 688 1727 appetitu
709 1652 942 1727 uniuscujusque,
965 1654 1014 1711 sed
1036 1653 1208 1711 exomnium

133 1733 224 1792 simul
246 1731 376 1806 potentia
397 1737 427 1788 et
448 1732 598 1789 voluntale
619 1732 868 1791 determinaretur.
892 1732 973 1802 Quod
989 1738 1085 1791 tamen
1099 1734 1210 1792 frustra

133 1817 312 1880 tentassent,
337 1812 370 1881 si,
393 1811 447 1869 nisi
470 1813 544 1886 quod
567 1813 713 1887 appetitus
733 1814 845 1880 suadet,
867 1813 947 1888 sequi
968 1814 1077 1871 vellent
1097 1816 1147 1885 (ex
1167 1815 1207 1872 le·

136 1893 226 1968 gibus
259 1892 332 1949 enirn
366 1892 512 1966 appetitus
544 1892 740 1968 unusquisque
772 1893 884 1951 diverse
905 1893 1056 1964 trahitur);
1079 1895 1209 1970 adeoque

132 1972 302 2032 firmissime
314 1977 443 2030 statuere
455 1978 485 2030 et
496 1972 602 2046 pacisci
615 1973 785 2042 debuerunt,
797 1993 835 2030 ex
846 1974 906 2031 solo
915 1973 1047 2031 Rationis
1055 1973 1209 2033 dictamine

135 2053 198 2126 (cui
212 2072 295 2110 nemo
311 2057 410 2126 aperte
424 2072 587 2127 repugnare
600 2054 695 2122 audet,
706 2073 741 2111 na
750 2059 845 2111 mente
854 2073 952 2111 carere
960 2053 1105 2126 videatur)
1113 2055 1210 2112 omnia

135 2132 274 2207 dirigere,
287 2139 316 2190 et
331 2133 500 2207 arrpetitum,
511 2138 652 2207 quatenus
664 2133 692 2190 in
704 2134 839 2191 damnum
851 2133 970 2191 alterius
981 2133 1087 2208 aliquid
1096 2135 1206 2205 suadet,

134 2215 274 2282 fraenare,
290 2209 452 2287 neminique
467 2214 571 2282 facere,
589 2212 662 2287 quod
677 2213 731 2270 sibi
746 2213 808 2271 fieri
822 2233 879 2271 non
896 2214 966 2280 vult,
973 2214 1077 2288 jusque
1086 2214 1209 2288 denique

135 2293 259 2351 alterius
280 2298 417 2367 tanquam
440 2313 523 2350 suum
545 2294 708 2351 defendere.
721 2293 784 2363 Qua
796 2299 891 2350 autern
903 2293 1015 2350 ratione
1025 2298 1141 2368 pactum
1153 2295 1208 2352 hoc
1292 2360 1294 2364 .

135 2373 205 2431 iniri
238 2374 349 2443 debeat,
383 2379 415 2430 ut
446 2378 540 2431 ratum
566 2374 711 2447 fixumque
732 2373 779 2444 sit,
802 2374 848 2431 liic
868 2375 926 2451 jani
947 2373 1111 2433 videndum.
1134 2374 1207 2432 Nam

135 2454 186 2512 lex
218 2454 352 2510 humanae
386 2458 499 2511 naturae
533 2453 704 2511 universalis
736 2459 788 2521 est,
821 2459 854 2512 ut
884 2474 967 2511 nemo
991 2453 1109 2529 aliquid,
1131 2455 1206 2529 quod

135 2537 245 2591 bonum
267 2553 330 2590 esse
349 2533 470 2608 judicat,
493 2534 632 2608 negligat,
655 2533 710 2592 uisi
731 2554 782 2610 spe
803 2535 920 2609 majoris
933 2533 1010 2601 boni,
1023 2535 1117 2592 velex
1128 2542 1206 2593 metu

135 2613 256 2687 majoris
287 2613 399 2682 damni;
433 2633 486 2671 nec
517 2614 631 2688 aliquod
664 2616 769 2673 malum
801 2617 938 2690 perferat,
971 2614 1026 2672 nisi
1056 2616 1092 2673 ad
1113 2616 1208 2690 majus

136 2693 316 2760 evitandum,
340 2694 385 2750 vel
407 2713 457 2768 spo
478 2695 595 2768 majoris
616 2695 692 2752 boni.
706 2695 769 2754 Hoc
780 2701 832 2764 est,
845 2695 1039 2770 unusquisque
1050 2696 1085 2753 de
1097 2695 1209 2754 duobus

135 2774 231 2841 bonis,
264 2774 339 2847 quod
359 2774 420 2848 ipse
442 2775 535 2848 majus
556 2794 618 2832 esse
638 2775 756 2849 judicat,
779 2781 807 2834 et
829 2777 864 2834 de
885 2777 997 2834 duobus
1017 2775 1108 2843 malis
1131 2777 1206 2852 quod
1280 2821 1283 2824 >

135 2853 234 2911 minus
266 2853 319 2911 sibi
350 2853 475 2921 videtur,
507 2855 602 2929 eliget.
635 2855 706 2912 Dico
739 2876 883 2931 expresse,
916 2857 990 2931 quod
1012 2855 1066 2913 sibi
1088 2855 1207 2930 eligenti

135 2934 232 3008 majus
253 2939 304 2991 aut
324 2933 419 2991 minus
429 2934 559 3001 videtum
579 2955 645 3004 non,
659 2937 732 3010 quod
745 2956 791 2994 res
803 2936 966 2994 necessario
976 2936 1018 2994 ita
1028 2955 1060 2993 se
1070 2936 1204 3009 habebat,

136 3018 172 3072 ut
202 3013 264 3088 ipse
290 3013 408 3088 judicat.
433 3016 528 3089 Atque
549 3016 612 3073 haeo
633 3017 678 3073 lex
701 3017 771 3074 adeo
793 3018 916 3088 [tricilar
935 3021 1049 3074 naturae
1071 3017 1205 3074 humanae

135 3094 279 3169 inscripta
299 3099 351 3163 est,
374 3100 407 3151 ut
426 3094 504 3152 inter
525 3101 650 3153 aeternas
672 3095 810 3153 veritates
830 3096 869 3153 sit
882 3096 1024 3170 ponenda,
1040 3116 1112 3171 quas
1122 3116 1207 3154 nemo

135 3175 275 3249 ignorare
295 3179 400 3248 potest.
424 3176 464 3232 At
485 3195 578 3233 exea
599 3175 760 3233 necessario
782 3176 921 3250 sequitur,
944 3175 1086 3233 neminem
1097 3178 1205 3251 absque

137 3255 235 3312 dolo*
256 3254 472 3329 promissurum,
494 3276 525 3313 se
544 3256 617 3330 jure,
640 3256 713 3330 quod
735 3255 764 3313 in
787 3255 882 3313 omnia
897 3257 993 3325 habet,
1009 3275 1165 3325 cessurum,
1178 3261 1210 3313 et

138 3334 271 3392 absolute
283 3334 423 3392 neminem
436 3336 584 3410 promissis
595 3341 747 3406 staturum,
760 3336 815 3393 uisi
827 3355 863 3393 ex
875 3341 953 3393 metu
959 3334 1077 3409 majoris
1084 3335 1206 3393 malivel

139 3433 192 3490 spo
212 3414 329 3489 majoris
350 3415 426 3472 boni.
443 3415 524 3484 Quod
539 3422 572 3473 ut
586 3416 687 3474 melius
700 3416 889 3490 intelligatur,
904 3420 1038 3491 ponatur,
1050 3415 1206 3473 Latronem

139 3514 186 3552 rne
207 3514 319 3568 cogere,
343 3499 374 3552 ut
390 3496 415 3553 ei
429 3496 606 3570 promittam,
619 3516 663 3554 me
676 3515 739 3553 mea
750 3498 833 3566 bona,
846 3495 894 3553 ubi
905 3495 984 3568 velit,
996 3494 1050 3570 ipsi
1061 3495 1204 3555 daturum.

137 3576 157 3633 J
160 3595 215 3646 am,
239 3575 478 3649 quandoquidem,
500 3581 534 3634 ut
545 3577 603 3650 jam
619 3575 739 3646 ostendi,
756 3596 849 3634 meum
862 3576 910 3651 jus
924 3576 1056 3634 naturale
1070 3576 1131 3634 sola
1143 3595 1208 3634 mea

137 3654 270 3730 potentia
295 3656 511 3727 determinatur,
534 3663 643 3714 certum
664 3661 709 3714 est
730 3656 815 3731 quod,
835 3656 859 3714 si
880 3677 995 3731 possum
1018 3657 1082 3714 dolo
1103 3676 1148 3714 me
1169 3659 1207 3714 ab

171 3833 181 3850 *
199 3833 235 3880 of.
255 3835 345 3878 Annot.
364 3832 443 3878 XXXI
449 3833 464 3878 l.
521 3829 523 3833 ’
