2662 4298
390 334 704 373 THEOLOG100·POLITIGI
725 333 788 373 GAP.
811 333 852 371 XI.
1114 311 1153 370 87

89 505 152 563 ideo
184 504 251 562 huic
282 503 398 578 negotio
422 503 608 578 supersedere
629 503 712 561 malo.
734 504 873 560 Attamen
895 521 929 559 ea
949 505 1051 558 notare
1072 505 1152 576 puto,

89 585 211 723 ‹tpiffisad
232 603 326 642 meum
346 583 511 642 institutum
531 583 655 641 maxime
675 582 848 657 facinatis
870 582 974 657 quibus
994 581 1024 639 in
1035 600 1153 657 sequen·

505 769 671 828 OAPUT
693 769 745 826 XI.

110 963 283 1036 laquiritur,
314 978 350 1016 or
377 959 507 1032 Apostoli
532 959 677 1032 Epistoles
701 977 769 1015 suos
794 965 933 1034 tortorem
954 958 1086 1031 Apostoli
1106 962 1131 1013 ct

150 1041 306 1114 Prophetae,
328 1058 368 1096 ore
388 1057 452 1096 oero
472 1045 612 1113 tanquam
632 1038 767 1096 Doctores
786 1041 960 1112 scripserint.
985 1037 1094 1095 Deinde

359 1119 561 1195 Apostolorum
583 1119 705 1193 officium
726 1119 891 1176 ostenditur.

128 1304 227 1375 Nemo,
270 1303 319 1380 qui
360 1305 475 1362 Novum
516 1305 733 1362 Testamentum
772 1304 853 1378 legit,
885 1303 1017 1362 dubitare
1048 1306 1154 1378 potest,

88 1385 244 1460 Apostolos
264 1385 427 1460 Prophetas
445 1383 541 1443 fuisse.
564 1385 681 1454 Verum,
704 1383 770 1458 quia
792 1385 946 1459 Propheta
968 1403 1025 1441 non
1039 1401 1152 1458 semper

87 1485 125 1526 ex
155 1465 332 1523 revelatione
362 1465 561 1540 loquebantur,
595 1465 646 1522 sed
671 1468 773 1522 contra
793 1465 945 1522 admodum
969 1484 1045 1532 raro,
1066 1468 1099 1521 ut
1119 1462 1151 1520 in

87 1547 145 1603 fine
188 1545 256 1620 Gap.
291 1546 317 1602 1.
348 1543 532 1617 ostendimus,
562 1545 694 1603 dubitare
723 1565 883 1620 possumus
916 1565 982 1602 num
1017 1542 1151 1618 Apostoli

88 1632 227 1700 tanquam
258 1626 412 1700 Prophetae
443 1645 477 1682 ex
508 1625 684 1683 revelatione
716 1629 746 1683 et
779 1644 914 1700 expresso
945 1625 1091 1695 mandato,
1120 1627 1153 1681 ut

88 1707 194 1776 Moses,
219 1705 369 1777 Jeremias,
390 1709 419 1763 et
440 1704 498 1775 alii,
520 1725 557 1763 an
578 1725 648 1763 vero
668 1710 806 1781 tanquam
828 1705 934 1781 privati
952 1706 999 1763 vel
1021 1706 1153 1763 doctores

88 1786 233 1861 Epistolas
264 1784 447 1860 scripserint;
482 1786 644 1860 praesertim
669 1786 737 1861 quia
756 1786 786 1844 in
806 1785 896 1861 Epist.
920 1787 956 1844 ad
976 1785 1105 1844 Oorinth.
1128 1785 1153 1843 1.

88 1885 152 1942 sap.
183 1867 230 1924 14.
260 1885 336 1925 vers.
368 1867 396 1924 6.
426 1866 535 1924 Paulus
566 1866 621 1924 duo
652 1866 827 1941 praedicandi
848 1886 955 1940 genera
975 1865 1092 1935 indicat,
1115 1883 1152 1921 ex

87 1946 265 2005 revelatione
295 1965 393 2016 unum,
415 1965 453 2003 ex
474 1945 638 2020 cognitione
658 1947 796 2017 alterum;
824 1952 910 2020 atque
930 1946 1003 2016 ideo,
1025 1945 1151 2020 inquam,

89 2026 291 2097 dubitandum,
313 2046 351 2084 an
371 2026 402 2084 in
422 2025 558 2100 Epistolis
577 2028 760 2101 prophetent,
774 2047 811 2085 an
823 2047 891 2085 vero
902 2028 1032 2085 doceant.
1045 2026 1153 2084 Verum

88 2107 113 2164 si
135 2107 171 2165 ad
192 2126 291 2165 aarum
312 2106 419 2182 stylum
440 2107 591 2164 attendere
613 2108 752 2177 volumus,
775 2127 840 2165 eum
861 2128 878 2165 a
899 2107 974 2182 stylo
991 2105 1152 2181 prophetiae

89 2186 294 2245 alienissimum
324 2186 511 2245 inveniemus.
544 2187 618 2244 Nam
651 2186 805 2262 Prophetis
835 2185 1053 2244 usitatissimum
1081 2189 1153 2249 erat,

87 2268 194 2342 ubique
224 2267 335 2337 testari,
367 2286 398 2325 se
425 2287 462 2325 ex
484 2267 535 2324 Dei
556 2267 649 2325 edicto
669 2267 757 2342 loqui,
779 2286 889 2341 nempe.
911 2270 951 2324 sic
972 2269 1042 2325 elicit
1061 2266 1149 2334 Deos,

88 2351 130 2405 eit
153 2348 233 2405 Deus
253 2350 436 2415 exercituum,
458 2349 580 2405 edictum
602 2348 664 2415 Dei,
685 2354 754 2422 etc.;
774 2351 861 2422 atque
881 2347 936 2404 hoo
956 2366 1015 2404 non
1035 2349 1150 2404 tantum

88 2428 204 2486 videtur
235 2427 328 2486 locum
360 2426 493 2485 habuisse
524 2427 554 2485 in
581 2427 702 2502 publicis
723 2428 935 2503 Prophetarum
955 2424 1148 2495 concionibus,

89 2509 140 2566 sed
160 2506 248 2566 etiam
267 2507 298 2565 in
318 2507 463 2583 Epistola,
485 2527 550 2582 quae
570 2508 763 2566 revelationes
783 2507 978 2576 continebant,
1000 2512 1033 2565 ut
1054 2527 1091 2564 ex
1104 2505 1154 2563 illa

87 2588 159 2647 Elias
180 2588 336 2646 Jehoramo
357 2588 465 2663 scripta
485 2591 567 2663 patet
588 2588 665 2661 (vide
686 2588 749 2647 libr.
773 2589 799 2646 2.
823 2589 918 2647 Paral.
939 2608 1001 2663 cap.
1015 2589 1063 2646 21.
1076 2605 1151 2644 vers.

90 2670 158 2741 m),
192 2688 256 2742 quae
289 2668 375 2726 etiam
405 2667 506 2742 incipit
537 2671 603 2726 nin*
625 2671 692 2727 'th
713 2671 755 2727 na
786 2672 826 2727 sic
857 2671 925 2727 dicit
955 2669 1040 2727 Deos.
1062 2668 1104 2725 At
1124 2666 1155 2724 in

88 2748 226 2824 Epistolis
247 2749 452 2823 Apostolorum
473 2748 546 2806 nihil
567 2748 657 2806 simile
677 2749 809 2823 legimus
832 2750 881 2807 sed
903 2753 1005 2807 contra
1024 2748 1055 2806 in
1078 2749 1104 2805 l.
1117 2747 1153 2804 ad

88 2827 218 2887 Corinth.
252 2848 314 2904 cap.
348 2830 373 2886 7.
405 2848 481 2886 vera.
503 2830 550 2888 40.
574 2829 682 2887 Paulus
702 2830 858 2888 secundum
879 2849 960 2887 suam
982 2828 1155 2887 sententiam

87 2909 225 2984 loquitur.
257 2909 320 2966 Imo
350 2908 533 2984 perplurimis
562 2908 592 2966 in
626 2909 696 2967 locis
717 2910 806 2967 animi
826 2908 953 2984 ambigui
974 2914 1003 2967 et
1023 2908 1154 2984 perplexi

88 2989 166 3047 modi
197 2988 332 3064 loquendi
359 2993 529 3059 occurrunt;
550 2994 583 3046 ut
606 2989 709 3064 (Epist.
731 2990 768 3047 ad
789 2990 870 3048 Rom.
892 3009 954 3064 cap.
977 2991 1004 3047 3.
1027 3008 1069 3046 vs.
1093 2989 1152 3058 28.)

89 3071 298 3128 arbitramur*
326 3071 424 3144 ipiter,
450 3074 479 3127 et
501 3076 575 3144 (cap.
598 3069 625 3125 8.
647 3089 690 3128 vs.
715 3070 773 3141 18.)
795 3071 924 3127 arbitror
946 3072 1098 3144 epitrope,
1126 3072 1155 3125 et

89 3151 126 3207 ad
167 3149 244 3207 huno
276 3150 390 3207 modum
420 3150 512 3224 plura.
544 3150 657 3207 Praetar
687 3150 749 3208 haec
780 3149 828 3207 alii
859 3149 1047 3207 inveniuntur
1078 3147 1152 3205 modi

89 3230 234 3305 loquendi,
267 3232 303 3288 ab
335 3229 511 3288 authoritate
541 3229 710 3304 prophetica
730 3229 816 3304 plane
836 3229 947 3298 remoti,
969 3249 1082 3303 nempe,
1105 3231 1155 3285 boc

90 3317 185 3368 aetem
216 3312 278 3368 otico
308 3329 365 3386 epo,
397 3318 536 3385 torquem
565 3311 708 3383 infirmus,
740 3329 796 3366 rior
829 3316 923 3367 etitem
954 3329 988 3366 ec
1017 3310 1154 3366 morido‘o

91 3389 169 3463 (vide
200 3389 320 3465 Epistol.
353 3391 389 3448 ad
421 3390 550 3448 Corinth.
584 3390 610 3448 1.
639 3409 701 3464 cap.
726 3391 752 3448 7.
775 3409 850 3447 vers.
873 3391 926 3462 6.);
949 3391 1097 3447 consilium
1119 3391 1156 3445 cto

90 3479 232 3546 tuaquom
263 3473 316 3539 oir,
339 3474 408 3546 quie
429 3472 483 3529 Dei
502 3473 599 3546 pretio
619 3472 711 3543 fidelis
731 3476 770 3527 est
793 3469 870 3542 (vide
891 3469 1018 3544 ejusdem
1042 3488 1105 3543 sap.
1130 3470 1159 3527 7.

90 3570 166 3609 vers.
201 3552 270 3622 25),
304 3555 333 3608 et
364 3550 405 3608 sic
435 3551 492 3608 alia
522 3551 627 3619 multa,
661 3556 690 3608 et
721 3550 887 3615 notandum,
921 3549 1005 3624 quod,
1038 3568 1103 3606 curn
1129 3549 1158 3606 in

90 3629 231 3705 pradicto
263 3650 325 3705 cap.
360 3630 409 3702 ait,
442 3650 473 3688 se
504 3635 681 3705 praeceptum
713 3628 766 3688 Dei
794 3631 840 3688 vel
861 3630 1030 3688 mandatum
1052 3631 1162 3688 habere

626 3735 635 3768 h

127 3807 140 3834 *
156 3808 193 3854 of.
210 3807 301 3853 Annot.
318 3808 406 3853 XXVI.
