2662 4298
542 366 680 406 nrrsronn
701 368 786 409 xxxi.
1138 350 1197 408 30?

127 551 263 607 superare
285 531 389 607 ajebat,
412 530 481 606 quin
502 535 533 589 et
552 531 642 590 multo
653 532 819 591 sublimiora
829 537 860 592 et
872 532 1034 605 subtiliora,
1046 532 1197 592 evidenter

127 631 210 687 posse
231 613 268 669 ab
288 610 453 670 hominibus
472 610 596 686 intelligi
616 615 647 670 61
667 612 823 671 clarissime
838 612 987 689 explicari.
1006 612 1081 683 Quid
1093 615 1196 685 haeres,

127 691 165 748 mi
185 691 294 763 Amice,
317 691 386 768 quid
407 690 536 749 metuis?
557 692 659 764 Teuta,
672 693 841 767 aggredere,
854 693 960 769 perfice
974 693 1050 751 tanti
1062 694 1200 752 momenti

126 771 314 847 provinciam,
347 776 376 829 61
407 770 517 829 videbis
547 775 641 830 toturn
672 792 740 830 vere
770 772 1042 849 Philosophantium
1073 773 1198 832 (thorum

127 851 180 909 tibi
210 851 395 926 patrocinari.
427 851 528 909 Fidem
558 870 651 909 meam
683 851 866 927 obstringere
898 853 1001 923 audeo,
1032 853 1108 928 quod
1139 873 1198 912 non

127 933 261 1002 facerem,
293 931 318 989 si
348 931 472 989 liberare
492 950 538 989 me
559 950 622 989 eam
643 951 727 1006 posse
748 932 921 991 dubitarem.
943 932 1116 991 Nullatenus
1139 953 1196 991 cre-

127 1011 258 1081 diderim,
289 1010 318 1068 in
350 1010 445 1068 animo
476 1010 529 1068 tibi
560 1030 632 1083 esse,
655 1012 807 1087 quicquam
829 1018 931 1071 contra
953 1012 1147 1071 Existentiarn
1168 1018 1199 1071 et

128 1090 344 1149 Providentiam
374 1090 426 1148 Dei
455 1089 564 1163 moliri;
592 1095 621 1149 et
641 1091 741 1150 fulcris
762 1092 841 1150 hisce
862 1091 1094 1162 incolumibus,
1115 1093 1197 1151 firmo

128 1171 187 1228 talo
206 1175 266 1228 stat
286 1170 407 1245 Religi0,
429 1171 570 1246 facileque
592 1171 678 1229 etiarn
700 1171 810 1247 quaevis
825 1172 1092 1247 Contemplationes
1104 1173 1198 1231 Philo·

127 1250 254 1325 sophicae
280 1251 326 1309 vel
354 1251 548 1309 defenduntur
569 1251 615 1309 vel
637 1257 822 1310 excusantur.
845 1253 958 1327 Rumpe
980 1252 1071 1327 igitur
1092 1273 1196 1324 moras,

129 1351 181 1388 nec
202 1330 293 1389 scindi
314 1330 367 1388 tibi
388 1332 524 1406 penulam
545 1331 675 1406 patiaris.

168 1411 256 1468 Brevi
285 1416 384 1486 putem
416 1415 446 1469 te
478 1416 672 1486 accepturum,
704 1412 771 1487 quid
806 1413 841 1470 (16
873 1411 999 1471 Gometis
1020 1413 1140 1488 nuperis
1161 1413 1201 1470 sit

126 1491 321 1568 statuendum.
343 1491 515 1566 Disceptant
535 1492 612 1550 inter
632 1512 663 1550 se
685 1493 720 1550 (16
734 1492 819 1551 factis
832 1492 1092 1551 Observationibus
1105 1493 1200 1550 Heve-

127 1572 182 1629 lius
203 1571 406 1641 Dantiscanus,
429 1575 458 1630 et
479 1572 630 1630 Auzoutus
650 1572 759 1642 Gallus,
784 1576 866 1631 ambo
881 1572 945 1629 Viri
958 1573 1033 1630 docti
1046 1577 1076 1631 et
1088 1574 1199 1632 Mathe-

127 1651 232 1709 matici.
255 1651 413 1728 Dispicitur
435 1653 489 1710 hoc
510 1656 639 1728 tempore
661 1652 869 1718 controversia,
892 1657 922 1710 61
942 1653 1056 1727 quando
1071 1652 1200 1728 judicata

127 1732 162 1789 lis
192 1731 289 1802 fuerit,
321 1732 400 1804 mihi,
423 1734 517 1804 cred0,
539 1752 585 1791 res
606 1737 669 1791 tota
689 1733 955 1800 communicabitur,
979 1738 1008 1790 et
1030 1753 1047 1791 a
1067 1753 1114 1791 me
1135 1733 1197 1791 tibi.

127 1813 190 1870 Hoc
211 1832 340 1870 asserere
359 1813 419 1887 jam
442 1832 567 1887 possum,
590 1832 697 1883 omnes,
720 1814 768 1888 qui
789 1813 903 1888 quidem
918 1813 988 1871 mihi
999 1812 1108 1889 cogniti
1121 1818 1197 1883 sunt,

127 1895 317 1950 Astronomos
342 1892 481 1967 judicare,
510 1912 568 1951 non
589 1913 686 1964 unum,
709 1895 758 1952 sed
780 1894 852 1952 duos
872 1893 1006 1952 (tornetas
1026 1893 1123 1964 fuisse,
1146 1913 1199 1951 nec

126 1972 157 2029 in
179 1992 341 2048 quenquam
363 1975 505 2031 hactenus
525 1972 622 2044 incidi,
644 1973 693 2048 qui
714 1993 751 2031 ex
765 1973 929 2048 Hypothesi
944 1973 1113 2032 (lartesiana
1125 1974 1197 2049 ipso·

128 2073 192 2110 rum
215 2053 408 2111 Phaenomena
430 2057 551 2111 conatus
572 2053 659 2111 fuerit
684 2053 838 2128 explicare.

169 2133 259 2207 Rogo,
282 2133 306 2190 si
328 2132 396 2208 quid
419 2153 506 2208 porro
527 2133 672 2208 acceperis
693 2134 728 2190 de
749 2133 852 2191 studiis
873 2137 903 2190 61
923 2132 1070 2190 laboribus
1085 2133 1199 2191 Domini

128 2213 264 2287 Hugenii‚
297 2214 391 2289 deque
413 2233 547 2271 successu
567 2213 767 2288 pendulorum,
790 2218 823 2271 ut
844 2218 874 2270 et
895 2213 930 2270 (16
951 2212 1042 2287 ipsius
1063 2213 1198 2270 transmi-

129 2293 262 2367 gratione
283 2294 312 2351 in
335 2293 468 2362 Galliam,
490 2292 560 2351 mihi
581 2293 791 2368 quamprimum
812 2292 977 2367 significare
988 2313 1046 2350 non
1059 2293 1198 2366 graveris,

131 2374 282 2448 Adjungas
313 2394 356 2442 ea,
379 2394 459 2448 roge,
482 2394 548 2449 quae
570 2374 646 2449 apud
671 2374 728 2432 Vos
749 2373 824 2432 forte
846 2373 982 2431 dicuntur
1003 2374 1038 2431 de
1059 2374 1199 2431 Tractatu

129 2453 217 2528 pacis,
251 2455 285 2511 de
306 2453 417 2512 Suecici
438 2454 591 2525 exercitus,
614 2453 644 2511 in
665 2453 850 2512 Germaniam
871 2453 1045 2522 transvecti,
1063 2452 1197 2521 consiliis,
1264 2474 1267 2480 ·

128 2529 221 2609 deque
241 2533 376 2610 Episcopi
398 2534 635 2593 Monasteriensis
656 2553 819 2609 progressu.
843 2536 945 2593 Totam
957 2535 1042 2592 oredo
1053 2534 1197 2610 Europam

127 2614 259 2688 sequenti
291 2619 394 2672 aestate
426 2614 507 2672 bellis
537 2614 699 2673 involutum
731 2615 775 2683 iri,
808 2619 838 2674 et
869 2615 964 2673 omnia
995 2614 1131 2672 videntur·
1161 2615 1196 2672 ad

128 2695 316 2753 mutationem
347 2695 516 2752 inusitatam
538 2714 666 2769 vergere.
691 2695 856 2754 Serviamus
876 2715 929 2754 nos
950 2715 1060 2753 summo
1081 2694 1199 2753 Numini

126 2780 209 2833 66616
240 2780 345 2846 mente,
375 2780 404 2833 ct
424 2775 640 2850 Philosophiam
660 2795 768 2845 veram,
791 2776 920 2845 solidam,
943 2781 973 2833 et
993 2775 1093 2833 utilem
1115 2794 1197 2832 exco-

128 2855 228 2913 lamus
250 2854 388 2912 Nonnulli
409 2875 446 2913 ex
468 2855 650 2930 Philosophis
671 2856 786 2930 nostris,
809 2858 919 2930 Regem
941 2855 1196 2924 Oxoniumsecuti,

128 2955 186 2991 non
207 2955 288 2993 raros
310 2935 349 2993 ibi
370 2940 463 2994 coetus
484 2935 606 3010 agitant,
629 2940 658 2992 61
680 2936 715 2994 (16
728 2936 933 3011 promovendis
947 2936 1050 2993 studiis
1065 2935 1198 3010 Physicis

128 3016 289 3074 consulunt.
326 3016 407 3073 Inter
438 3015 495 3073 alia
527 3015 557 3074 irr
589 3016 730 3073 Sonarum
760 3021 896 3075 naturam
928 3015 1075 3092 inquirere
1106 3035 1198 3090 nuper

127 3100 284 3169 eruperunt.
317 3094 532 3170 Experimenta,
563 3097 657 3167 credo,
679 3096 795 3167 facient,
819 3101 851 3154 ut
873 3096 1034 3170 explorent,
1057 3115 1113 3170 qua
1133 3115 1197 3170 pro·

127 3175 258 3249 portione
279 3176 414 3250 augenda
435 3175 494 3233 sint
513 3176 642 3251 pondera
664 3176 699 3233 ad
715 3177 927 3234 extendendam
939 3177 1076 3234 chordam
1089 3178 1197 3250 absque

127 3256 185 3313 ulla
205 3257 235 3313 vi
257 3256 322 3325 alia,
344 3259 376 3314 ut
394 3255 564 3314 intendatur·
584 3257 683 3314 eadem
706 3257 742 3314 ad
757 3256 862 3314 Notam
877 3256 1017 3332 ejusmodi
1029 3255 1195 3323 acutiorem,

127 3356 189 3409 quae
221 3336 293 3395 facit
325 3336 503 3410 assignatam
535 3336 753 3395 consonantiam
784 3357 849 3394 cum
877 3356 947 3395 sono
968 3334 1065 3411 priori.
1087 3336 1130 3393 De
1150 3335 1198 3392 his

126 3417 209 3490 plura
231 3416 311 3476 alias,
335 3416 450 3492 Optime
472 3417 553 3488 Vale,
576 3421 605 3475 ct
626 3416 693 3475 vive
714 3437 822 3475 memor

711 3576 764 3634 Tor·
786 3576 1001 3633 Studiosr'ssimt

824 3701 920 3758 Here.
944 3699 1134 3758 Oroaurrurre.
1192 3736 1193 3741 κ

157 3835 266 3880 Lorrdirri
286 3836 321 3881 12.
339 3836 429 3882 Octob.
448 3835 515 3882 1665.
