2662 4298
448 355 764 396 cumboaldo-Ponam
785 357 848 396 ΜΡ.
871 358 912 396 lx.
1166 341 1205 397 119

131 525 247 583 demum
278 522 415 595 innotuit,
450 528 479 582 et
509 523 540 582 in
572 525 639 582 aula
673 525 807 583 detentus
827 525 890 584 fuit.
912 525 992 583 Idem
1014 525 1049 583 de
1070 545 1132 600 cap.
1156 526 1202 584 26.

131 605 262 682 ejusdem
293 603 362 663 libri
392 602 539 681 suspicor3
574 605 649 680 quod
681 605 816 663 nimirum
849 605 1003 663 historicus
1024 606 1143 664 eandem
1165 605 1204 663 ibi

131 685 294 750 historiam.
328 703 392 760 quae
414 704 476 760 cap.
499 685 547 744 24.
569 685 700 756 habetur,
723 686 879 743 secundum
900 685 1061 762 opinionem
1086 685 1204 744 alterius

130 784 253 824 narrare
285 763 428 823 videatur.
465 764 520 823 Sed
542 766 596 823 hoc
616 765 734 823 missum
755 765 838 836 facio,
860 770 889 823 et
910 767 947 824 ad
968 786 1108 824 annorum
1130 786 1202 824 com-

129 844 313 922 putationem
331 843 556 903 examinandam
577 865 676 921 pergo.
699 845 767 920 Cap.
791 848 817 905 6.
840 845 905 904 libri
921 848 948 905 1.
963 847 1074 921 Regum
1090 846 1202 918 dicitur,

130 926 207 1003 quod
230 925 366 984 Salomon
386 925 525 1001 templum
548 925 704 984 aedificavit
725 946 800 983 anno
822 927 890 984 480.
912 928 949 984 ab
970 927 1091 1002 AEgypti
1105 927 1202 997 exitu3

129 1012 160 1065 at
182 1025 217 1064 ex
239 1004 369 1064 historiis
388 1005 460 1081 ipsis
479 1006 567 1080 longe
588 1006 726 1081 majorem
748 1026 899 1064 nnmerum
911 1007 1116 1065 concludimus.
1128 1007 1201 1065 Nam

1111 1167 1201 1214 Annos

128 1259 226 1333 Moses
246 1247 385 1333 populum
405 1255 436 1314 in
457 1255 580 1314 desertis
606 1257 780 1331 gubernavit
797 1304 1124 1318 .........
1162 1259 1201 1315 40

127 1339 236 1408 iosuae,
252 1336 302 1413 qui
316 1341 431 1395 centum
447 1341 477 1394 et
491 1337 588 1395 decem
603 1357 695 1395 annos
709 1337 793 1407 vixit,
807 1357 866 1394 non
879 1337 944 1412 plus
954 1336 1122 1395 tribuuntur

168 1437 206 1476 ex
226 1416 349 1493 losephi
370 1421 400 1475 et
420 1416 541 1475 aliorum
563 1417 708 1476 sententia
734 1437 818 1492 quam
836 1464 1124 1478 ........
1163 1417 1201 1475 26

127 1499 232 1557 Kusan
262 1496 445 1572 Rishgataim
466 1498 602 1572 populum
622 1496 652 1555 in
674 1497 782 1555 ditione
803 1497 897 1557 tenuit
918 1545 1125 1559 ......
1183 1498 1200 1556 8

126 1577 250 1637 Hotniel
270 1576 347 1635 filius
367 1578 466 1635 Kenaz
486 1577 658 1653 judicavit*
676 1627 1123 1640 ............
1160 1579 1200 1636 40

127 1659 246 1734 Heglon
264 1658 328 1716 Rex
348 1657 447 1716 Moabi
467 1657 618 1733 imperium
639 1657 668 1715 in
688 1659 826 1733 populum
847 1658 940 1716 tenuit
957 1707 1123 1720 .....
1163 1660 1200 1716 18

126 1740 191 1798 Eud
213 1742 243 1797 et
265 1737 380 1813 Sangar
401 1738 523 1795 eundem
541 1738 746 1814 judicaverunt
759 1784 1124 1801 ..........
1162 1740 1200 1797 80

127 1819 237 1878 Jachin
258 1819 324 1876 Rex
343 1817 499 1876 Kanahani
520 1819 657 1893 populum
677 1818 784 1876 iterum
805 1819 835 1876 in
857 1819 964 1876 ditione
985 1819 1088 1878 tenuit.
1119 1867 1125 1879 .
1163 1821 1201 1876 20

128 1898 247 1969 Quievit
267 1903 369 1974 postea
394 1899 517 1989 populus
520 1945 1125 1962 ................
1163 1901 1202 1957 40

128 1979 198 2038 Fuit
220 1978 353 2037 deinde
344 1998 374 2036 m
397 1977 447 2036 dit
428 1983 504 2036 t10ne
525 1979 652 2037 Mediani
678 2027 1125 2040 ............
1185 1981 1201 2037 7

127 2061 272 2150 Tempore
293 2057 485 2117 Gidehonist
472 2059 617 2133 transegit
636 2059 666 2116 in
686 2059 772 2117 libert
760 2064 820 2117 tate
838 2107 1125 2120 ........
1163 2061 1202 2117 40

128 2139 217 2198 Sub
208 2138 330 2214 1mperio
352 2143 403 2197 1111
405 2158 449 2196 em
470 2139 650 2197 Abimelechi
677 2187 1125 2200 ............

128 2220 201 2278 Tola
221 2219 299 2277 filius
319 2219 390 2277 Puae
409 2217 551 2295 judicavit
559 2265 1125 2280 ...............
1164 2220 1201 2276 23

128 2299 194 2358 Jair
214 2304 267 2358 aut
268 2319 312 2356 em
316 2346 1124 2361 .....................
1163 2299 1201 2355 22

128 2379 298 2456 Populust
273 2399 284 2436 1
299 2399 378 2437 erum
392 2378 423 2436 in
439 2377 489 2437 dit
469 2384 547 2438 tione
561 2380 776 2438 Philistaeorum
791 2383 821 2437 et
809 2377 973 2437 tHamonit
961 2383 1056 2436 tarum
1066 2377 1122 2435 fuit
1165 2379 1201 2435 18

129 2461 240 2536 dephta
258 2458 402 2536 judicavit
405 2506 1124 2522 ...................
1183 2461 1200 2516 6

129 2541 230 2598 Absan
252 2539 446 2597 Betlehemita
1184 2541 1199 2597 7

128 2621 202 2698 Elon
224 2619 392 2678 Sebulonita
395 2665 1123 2682 ...................
1163 2621 1199 2680 10

129 2701 255 2759 Habdan
277 2699 461 2758 Pirhatonita
478 2749 1124 2762 .................
1184 2701 1200 2758 8

129 2781 258 2857 Populus
278 2780 335 2838 fuit
355 2780 461 2838 iterum
482 2780 512 2838 in
534 2779 642 2839 ditione
663 2781 876 2839 Philistaeorum
879 2827 1123 2842 .......
1162 2783 1199 2838 40

129 2860 251 2919 Samson
270 2860 413 2936 judicavit
425 2862 457 2897 ²¹¹*
475 2908 1123 2923 .................
1162 2861 1200 2918 20

128 2941 196 2999 Heli
217 2945 314 2999 autem
318 2987 1123 3003 .....................
1162 2943 1200 2998 40
1252 2977 1254 2981 ⁷

128 3019 196 3079 Fuit
227 3020 333 3079 iterum
358 3021 482 3097 populus
502 3021 532 3079 in
554 3020 661 3079 ditione
682 3020 905 3089 Philistacorum,
927 3026 1082 3096 antequam
1104 3041 1121 3078 1

169 3101 300 3160 Samuele
325 3101 521 3162 liberaretur.
556 3152 561 3162 .
600 3151 602 3156 .
636 3148 1123 3163 .............
1162 3101 1200 3157 20

128 3181 222 3240 David
244 3180 381 3256 regnavit
397 3227 1123 3243 ...................
1162 3182 1200 3238 40

128 3260 337 3321 Salomont
285 3266 337 3320 ant
338 3281 442 3338 equam
464 3263 601 3338 templum
623 3261 777 3320 {edificavit
795 3307 1122 3322 .........
1181 3261 1200 3316 4

127 3360 170 3416 At
157 3363 225 3434 tque
246 3359 277 3417 hi
297 3379 396 3418 omnes
417 3360 507 3418 additi
485 3365 679 3418 tnumerum
700 3359 855 3417 conficiunt
843 3364 1041 3418 bannorum
1116 3358 1199 3416 ,580

170 3509 281 3579 Quibus
301 3509 404 3568 deinde
426 3510 549 3569 addendi
564 3516 634 3569 sunt
649 3531 718 3569 anm
711 3509 805 3568 illius
815 3509 922 3582 saeculi,
935 3529 990 3584 quo
1001 3513 1068 3584 post
1077 3512 1153 3566 mort
1155 3527 1199 3566 em

129 3591 229 3648 Josuae
260 3591 434 3666 Respublica
465 3592 660 3650 Hebraeorum
682 3589 788 3661 floruit,
810 3591 900 3648 donec
921 3610 939 3648 a
958 3590 1059 3647 Kusan
1080 3588 1202 3664 Rishga·

162 3769 172 3794 *
198 3769 235 3815 Of.
252 3771 344 3815 Annot.
362 3770 425 3815 XVI.

162 3830 183 3855 ⁵*
202 3832 239 3876 tf.
258 3831 346 3878 Annot
362 3832 439 3878 XVII.
