<?xml version="1.0" encoding="UTF-8"?>
<!DOCTYPE html PUBLIC "-//W3C//DTD XHTML 1.0 Transitional//EN"
    "http://www.w3.org/TR/xhtml1/DTD/xhtml1-transitional.dtd">
<html xmlns="http://www.w3.org/1999/xhtml" xml:lang="en" lang="en">
 <head>
  <title>
</title>
<meta http-equiv="Content-Type" content="text/html;charset=utf-8" />
  <meta name='ocr-system' content='tesseract 3.04.00' />
  <meta name='ocr-capabilities' content='ocr_page ocr_carea ocr_par ocr_line ocrx_word'/>
</head>
<body>
  <div class='ocr_page' id='page_1' title='image "./operaquotquotre00landgoog/operaquotquotre00landgoog_0159.png"; bbox 0 0 2662 4298; ppageno 0'>
   <div class='ocr_carea' id='block_1_1' title="bbox 426 341 1211 399">
    <p class='ocr_par' dir='ltr' id='par_1_1' title="bbox 426 341 1211 399">
     <span class='ocr_line' id='line_1_1' title="bbox 426 341 1211 399; baseline 0.005 -4"><span class='ocrx_word' id='word_1_1' title='bbox 426 356 745 396; x_wconf 78' lang='lat' dir='ltr'>rnuonoerco-rourrlcr</span> <span class='ocrx_word' id='word_1_2' title='bbox 766 358 831 397; x_wconf 77' lang='grc'><strong>616.</strong></span> <span class='ocrx_word' id='word_1_3' title='bbox 852 357 927 398; x_wconf 83' lang='grc'><strong>11111.</strong></span> <span class='ocrx_word' id='word_1_4' title='bbox 1153 341 1211 399; x_wconf 86' lang='grc'>149</span> 
     </span>
    </p>
   </div>
   <div class='ocr_carea' id='block_1_2' title="bbox 131 522 1209 1160">
    <p class='ocr_par' dir='ltr' id='par_1_2' title="bbox 131 522 1209 1160">
     <span class='ocr_line' id='line_1_2' title="bbox 137 522 1209 599; baseline 0.002 -19"><span class='ocrx_word' id='word_1_5' title='bbox 137 522 330 580; x_wconf 81' lang='lat' dir='ltr'>successionis</span> <span class='ocrx_word' id='word_1_6' title='bbox 351 541 441 596; x_wconf 88' lang='lat' dir='ltr'>reguo</span> <span class='ocrx_word' id='word_1_7' title='bbox 461 522 547 598; x_wconf 85' lang='lat' dir='ltr'>potiti</span> <span class='ocrx_word' id='word_1_8' title='bbox 567 527 644 592; x_wconf 90' lang='lat' dir='ltr'>sunt,</span> <span class='ocrx_word' id='word_1_9' title='bbox 659 523 756 581; x_wconf 91' lang='lat' dir='ltr'>omnia</span> <span class='ocrx_word' id='word_1_10' title='bbox 771 522 910 598; x_wconf 75' lang='lat' dir='ltr'>paulatIm</span> <span class='ocrx_word' id='word_1_11' title='bbox 920 528 1036 581; x_wconf 89' lang='lat' dir='ltr'>mutare</span> <span class='ocrx_word' id='word_1_12' title='bbox 1047 528 1209 599; x_wconf 87' lang='lat' dir='ltr'>coeperunt,</span> 
     </span>
     <span class='ocr_line' id='line_1_3' title="bbox 135 602 1207 678; baseline 0.002 -18"><span class='ocrx_word' id='word_1_13' title='bbox 135 609 170 661; x_wconf 94' lang='lat' dir='ltr'>ut</span> <span class='ocrx_word' id='word_1_14' title='bbox 191 623 275 661; x_wconf 89' lang='lat' dir='ltr'>omne</span> <span class='ocrx_word' id='word_1_15' title='bbox 293 602 342 677; x_wconf 89' lang='lat' dir='ltr'>jus</span> <span class='ocrx_word' id='word_1_16' title='bbox 361 602 475 677; x_wconf 91' lang='lat' dir='ltr'>imperii</span> <span class='ocrx_word' id='word_1_17' title='bbox 485 602 538 660; x_wconf 87' lang='lat' dir='ltr'>soli</span> <span class='ocrx_word' id='word_1_18' title='bbox 549 607 697 674; x_wconf 82' lang='lat' dir='ltr'>tenereut3</span> <span class='ocrx_word' id='word_1_19' title='bbox 710 622 766 678; x_wconf 91' lang='lat' dir='ltr'>quo</span> <span class='ocrx_word' id='word_1_20' title='bbox 776 603 904 661; x_wconf 84' lang='lat' dir='ltr'>maxima</span> <span class='ocrx_word' id='word_1_21' title='bbox 914 623 951 661; x_wconf 86' lang='lat' dir='ltr'>ex</span> <span class='ocrx_word' id='word_1_22' title='bbox 962 608 1046 678; x_wconf 88' lang='lat' dir='ltr'>parte</span> <span class='ocrx_word' id='word_1_23' title='bbox 1059 605 1207 675; x_wconf 78' lang='lat' dir='ltr'><strong>carebant,</strong></span> 
     </span>
     <span class='ocr_line' id='line_1_4' title="bbox 133 682 1207 759; baseline 0.002 -19"><span class='ocrx_word' id='word_1_24' title='bbox 133 682 273 759; x_wconf 81' lang='lat' dir='ltr'><strong>quamdiu</strong></span> <span class='ocrx_word' id='word_1_25' title='bbox 303 683 351 758; x_wconf 84' lang='lat' dir='ltr'>jus</span> <span class='ocrx_word' id='word_1_26' title='bbox 381 683 477 757; x_wconf 87' lang='lat' dir='ltr'>legum</span> <span class='ocrx_word' id='word_1_27' title='bbox 509 685 546 740; x_wconf 89' lang='lat' dir='ltr'>ab</span> <span class='ocrx_word' id='word_1_28' title='bbox 568 683 668 741; x_wconf 90' lang='lat' dir='ltr'>iisdem</span> <span class='ocrx_word' id='word_1_29' title='bbox 689 703 748 741; x_wconf 91' lang='lat' dir='ltr'>non</span> <span class='ocrx_word' id='word_1_30' title='bbox 769 684 922 758; x_wconf 78' lang='lat' dir='ltr'>pendebat,</span> <span class='ocrx_word' id='word_1_31' title='bbox 945 684 995 742; x_wconf 88' lang='lat' dir='ltr'>sed</span> <span class='ocrx_word' id='word_1_32' title='bbox 1017 704 1035 742; x_wconf 92' lang='lat' dir='ltr'>a</span> <span class='ocrx_word' id='word_1_33' title='bbox 1055 684 1207 755; x_wconf 89' lang='lat' dir='ltr'>Pontifice,</span> 
     </span>
     <span class='ocr_line' id='line_1_5' title="bbox 132 763 1204 840; baseline 0.003 -19"><span class='ocrx_word' id='word_1_34' title='bbox 132 763 185 838; x_wconf 90' lang='lat' dir='ltr'>qui</span> <span class='ocrx_word' id='word_1_35' title='bbox 216 783 266 821; x_wconf 87' lang='lat' dir='ltr'>eas</span> <span class='ocrx_word' id='word_1_36' title='bbox 285 763 317 820; x_wconf 89' lang='lat' dir='ltr'>in</span> <span class='ocrx_word' id='word_1_37' title='bbox 343 763 470 821; x_wconf 89' lang='lat' dir='ltr'>sacrario</span> <span class='ocrx_word' id='word_1_38' title='bbox 495 763 676 821; x_wconf 79' lang='lat' dir='ltr'>custodiebat</span> <span class='ocrx_word' id='word_1_39' title='bbox 696 783 801 838; x_wconf 87' lang='lat' dir='ltr'>easque</span> <span class='ocrx_word' id='word_1_40' title='bbox 822 764 928 839; x_wconf 91' lang='lat' dir='ltr'>populo</span> <span class='ocrx_word' id='word_1_41' title='bbox 948 764 1204 840; x_wconf 80' lang='lat' dir='ltr'>interpretabatur.</span> 
     </span>
     <span class='ocr_line' id='line_1_6' title="bbox 132 843 1208 920; baseline 0.002 -19"><span class='ocrx_word' id='word_1_42' title='bbox 132 845 276 919; x_wconf 83' lang='lat' dir='ltr'>Adeoque</span> <span class='ocrx_word' id='word_1_43' title='bbox 310 847 450 918; x_wconf 89' lang='lat' dir='ltr'>tanquam</span> <span class='ocrx_word' id='word_1_44' title='bbox 480 843 587 902; x_wconf 89' lang='lat' dir='ltr'>subditi</span> <span class='ocrx_word' id='word_1_45' title='bbox 618 843 731 918; x_wconf 89' lang='lat' dir='ltr'>legibus</span> <span class='ocrx_word' id='word_1_46' title='bbox 762 846 945 908; x_wconf 88' lang='lat' dir='ltr'>tenebantur,</span> <span class='ocrx_word' id='word_1_47' title='bbox 977 864 1031 902; x_wconf 93' lang='lat' dir='ltr'>nec</span> <span class='ocrx_word' id='word_1_48' title='bbox 1059 844 1124 920; x_wconf 86' lang='lat' dir='ltr'>jure</span> <span class='ocrx_word' id='word_1_49' title='bbox 1157 864 1208 903; x_wconf 90' lang='lat' dir='ltr'>eas</span> 
     </span>
     <span class='ocr_line' id='line_1_7' title="bbox 133 923 1207 999; baseline 0.001 -18"><span class='ocrx_word' id='word_1_50' title='bbox 133 927 279 998; x_wconf 89' lang='lat' dir='ltr'>abrogare</span> <span class='ocrx_word' id='word_1_51' title='bbox 300 928 444 998; x_wconf 88' lang='lat' dir='ltr'>poterant,</span> <span class='ocrx_word' id='word_1_52' title='bbox 467 923 514 982; x_wconf 89' lang='grc'>161</span> <span class='ocrx_word' id='word_1_53' title='bbox 535 943 626 981; x_wconf 86' lang='lat' dir='ltr'>novas</span> <span class='ocrx_word' id='word_1_54' title='bbox 646 924 749 999; x_wconf 90' lang='lat' dir='ltr'>aequali</span> <span class='ocrx_word' id='word_1_55' title='bbox 760 924 938 983; x_wconf 85' lang='lat' dir='ltr'>authoritate</span> <span class='ocrx_word' id='word_1_56' title='bbox 949 925 1084 986; x_wconf 90' lang='lat' dir='ltr'>condere.</span> <span class='ocrx_word' id='word_1_57' title='bbox 1096 924 1207 983; x_wconf 88' lang='lat' dir='ltr'>Deinde</span> 
     </span>
     <span class='ocr_line' id='line_1_8' title="bbox 131 1003 1206 1080; baseline 0.003 -19"><span class='ocrx_word' id='word_1_58' title='bbox 131 1003 204 1079; x_wconf 90' lang='lat' dir='ltr'>quia</span> <span class='ocrx_word' id='word_1_59' title='bbox 223 1005 270 1079; x_wconf 86' lang='lat' dir='ltr'>jus</span> <span class='ocrx_word' id='word_1_60' title='bbox 291 1003 459 1062; x_wconf 88' lang='lat' dir='ltr'>Levitarum</span> <span class='ocrx_word' id='word_1_61' title='bbox 480 1005 576 1078; x_wconf 86' lang='lat' dir='ltr'>Reges</span> <span class='ocrx_word' id='word_1_62' title='bbox 595 1023 678 1079; x_wconf 87' lang='lat' dir='ltr'>aeque</span> <span class='ocrx_word' id='word_1_63' title='bbox 699 1024 733 1062; x_wconf 85' lang='lat' dir='ltr'>uc</span> <span class='ocrx_word' id='word_1_64' title='bbox 753 1004 891 1078; x_wconf 70' lang='lat' dir='ltr'>subditos</span> <span class='ocrx_word' id='word_1_65' title='bbox 915 1010 948 1062; x_wconf 92' lang='lat' dir='ltr'>ut</span> <span class='ocrx_word' id='word_1_66' title='bbox 960 1005 1106 1080; x_wconf 73' lang='lat' dir='ltr'>profanos</span> <span class='ocrx_word' id='word_1_67' title='bbox 1122 1025 1206 1064; x_wconf 89' lang='lat' dir='ltr'>sacra</span> 
     </span>
     <span class='ocr_line' id='line_1_9' title="bbox 132 1083 1207 1160; baseline 0.003 -19"><span class='ocrx_word' id='word_1_68' title='bbox 132 1084 338 1142; x_wconf 88' lang='lat' dir='ltr'>administrare</span> <span class='ocrx_word' id='word_1_69' title='bbox 360 1083 549 1159; x_wconf 83' lang='lat' dir='ltr'>prohibebat3</span> <span class='ocrx_word' id='word_1_70' title='bbox 561 1088 591 1142; x_wconf 89' lang='lat' dir='ltr'>et</span> <span class='ocrx_word' id='word_1_71' title='bbox 602 1084 726 1160; x_wconf 92' lang='lat' dir='ltr'>denique</span> <span class='ocrx_word' id='word_1_72' title='bbox 737 1084 805 1159; x_wconf 91' lang='lat' dir='ltr'>quia</span> <span class='ocrx_word' id='word_1_73' title='bbox 816 1089 878 1142; x_wconf 87' lang='lat' dir='ltr'>tota</span> <span class='ocrx_word' id='word_1_74' title='bbox 888 1084 934 1142; x_wconf 92' lang='lat' dir='ltr'>sui</span> <span class='ocrx_word' id='word_1_75' title='bbox 943 1084 1056 1160; x_wconf 88' lang='lat' dir='ltr'>imperii</span> <span class='ocrx_word' id='word_1_76' title='bbox 1067 1085 1207 1144; x_wconf 84' lang='lat' dir='ltr'>securitas</span> 
     </span>
    </p>
   </div>
   <div class='ocr_carea' id='block_1_3' title="bbox 131 1163 1299 1240">
    <p class='ocr_par' dir='ltr' id='par_1_3' title="bbox 131 1163 1299 1240">
     <span class='ocr_line' id='line_1_10' title="bbox 131 1163 1299 1240; baseline -0.001 -18"><span class='ocrx_word' id='word_1_77' title='bbox 131 1184 151 1222; x_wconf 88' lang='lat' dir='ltr'>a</span> <span class='ocrx_word' id='word_1_78' title='bbox 175 1165 236 1222; x_wconf 89' lang='lat' dir='ltr'>sola</span> <span class='ocrx_word' id='word_1_79' title='bbox 258 1165 407 1222; x_wconf 90' lang='lat' dir='ltr'>voluntate</span> <span class='ocrx_word' id='word_1_80' title='bbox 428 1163 522 1235; x_wconf 91' lang='lat' dir='ltr'>unius,</span> <span class='ocrx_word' id='word_1_81' title='bbox 545 1163 595 1240; x_wconf 92' lang='lat' dir='ltr'>qui</span> <span class='ocrx_word' id='word_1_82' title='bbox 615 1165 763 1240; x_wconf 87' lang='lat' dir='ltr'>Propheta</span> <span class='ocrx_word' id='word_1_83' title='bbox 784 1165 946 1234; x_wconf 85' lang='lat' dir='ltr'>videbatur,</span> <span class='ocrx_word' id='word_1_84' title='bbox 957 1166 1111 1240; x_wconf 89' lang='lat' dir='ltr'>pendebat,</span> <span class='ocrx_word' id='word_1_85' title='bbox 1124 1166 1206 1240; x_wconf 86' lang='lat' dir='ltr'>cujus</span> <span class='ocrx_word' id='word_1_86' title='bbox 1295 1216 1299 1221; x_wconf 91' lang='lat'>.</span> 
     </span>
    </p>
   </div>
   <div class='ocr_carea' id='block_1_4' title="bbox 125 1244 1237 3810">
    <p class='ocr_par' dir='ltr' id='par_1_4' title="bbox 125 1244 1204 2845">
     <span class='ocr_line' id='line_1_11' title="bbox 131 1244 1199 1320; baseline 0.002 -18"><span class='ocrx_word' id='word_1_87' title='bbox 131 1244 177 1302; x_wconf 91' lang='lat' dir='ltr'>rei</span> <span class='ocrx_word' id='word_1_88' title='bbox 208 1245 340 1320; x_wconf 83' lang='lat' dir='ltr'>exempla</span> <span class='ocrx_word' id='word_1_89' title='bbox 370 1244 518 1302; x_wconf 86' lang='lat' dir='ltr'>viderant:</span> <span class='ocrx_word' id='word_1_90' title='bbox 550 1244 685 1302; x_wconf 88' lang='lat' dir='ltr'>nimirum</span> <span class='ocrx_word' id='word_1_91' title='bbox 715 1249 825 1320; x_wconf 90' lang='lat' dir='ltr'>quauta</span> <span class='ocrx_word' id='word_1_92' title='bbox 845 1265 910 1302; x_wconf 91' lang='lat' dir='ltr'>eum</span> <span class='ocrx_word' id='word_1_93' title='bbox 930 1245 1065 1303; x_wconf 88' lang='lat' dir='ltr'>libertate</span> <span class='ocrx_word' id='word_1_94' title='bbox 1086 1245 1199 1304; x_wconf 77' lang='lat' dir='ltr'>Samuel</span> 
     </span>
     <span class='ocr_line' id='line_1_12' title="bbox 130 1324 1203 1401; baseline 0.002 -19"><span class='ocrx_word' id='word_1_95' title='bbox 130 1325 222 1383; x_wconf 82' lang='lat' dir='ltr'>Saule</span> <span class='ocrx_word' id='word_1_96' title='bbox 254 1325 349 1383; x_wconf 87' lang='lat' dir='ltr'>omnia</span> <span class='ocrx_word' id='word_1_97' title='bbox 379 1324 549 1400; x_wconf 90' lang='lat' dir='ltr'>imperabat,</span> <span class='ocrx_word' id='word_1_98' title='bbox 582 1330 611 1382; x_wconf 90' lang='lat' dir='ltr'>et</span> <span class='ocrx_word' id='word_1_99' title='bbox 642 1344 727 1400; x_wconf 89' lang='lat' dir='ltr'>quam</span> <span class='ocrx_word' id='word_1_100' title='bbox 759 1324 842 1383; x_wconf 86' lang='lat' dir='ltr'>facile</span> <span class='ocrx_word' id='word_1_101' title='bbox 863 1344 950 1384; x_wconf 90' lang='lat' dir='ltr'>unam</span> <span class='ocrx_word' id='word_1_102' title='bbox 971 1327 1007 1383; x_wconf 93' lang='lat' dir='ltr'>ob</span> <span class='ocrx_word' id='word_1_103' title='bbox 1029 1345 1135 1383; x_wconf 87' lang='lat' dir='ltr'>noxam</span> <span class='ocrx_word' id='word_1_104' title='bbox 1155 1327 1203 1401; x_wconf 86' lang='lat' dir='ltr'>jus</span> 
     </span>
     <span class='ocr_line' id='line_1_13' title="bbox 132 1405 1204 1481; baseline 0.003 -19"><span class='ocrx_word' id='word_1_105' title='bbox 132 1405 278 1479; x_wconf 86' lang='lat' dir='ltr'>regnandi</span> <span class='ocrx_word' id='word_1_106' title='bbox 299 1405 329 1462; x_wconf 91' lang='lat' dir='ltr'>in</span> <span class='ocrx_word' id='word_1_107' title='bbox 349 1405 491 1463; x_wconf 83' lang='lat' dir='ltr'>Davidem</span> <span class='ocrx_word' id='word_1_108' title='bbox 512 1406 671 1463; x_wconf 88' lang='lat' dir='ltr'>transferre</span> <span class='ocrx_word' id='word_1_109' title='bbox 692 1405 832 1480; x_wconf 90' lang='lat' dir='ltr'>potuerit:</span> <span class='ocrx_word' id='word_1_110' title='bbox 856 1425 946 1481; x_wconf 90' lang='lat' dir='ltr'>quare</span> <span class='ocrx_word' id='word_1_111' title='bbox 966 1410 996 1463; x_wconf 90' lang='lat' dir='ltr'>et</span> <span class='ocrx_word' id='word_1_112' title='bbox 1009 1405 1158 1480; x_wconf 90' lang='lat' dir='ltr'>imperium</span> <span class='ocrx_word' id='word_1_113' title='bbox 1173 1406 1204 1465; x_wconf 92' lang='lat' dir='ltr'>in</span> 
     </span>
     <span class='ocr_line' id='line_1_14' title="bbox 131 1485 1202 1562; baseline 0.002 -20"><span class='ocrx_word' id='word_1_114' title='bbox 131 1485 254 1560; x_wconf 89' lang='lat' dir='ltr'>imperio</span> <span class='ocrx_word' id='word_1_115' title='bbox 276 1486 432 1555; x_wconf 88' lang='lat' dir='ltr'>habebant,</span> <span class='ocrx_word' id='word_1_116' title='bbox 451 1490 481 1543; x_wconf 93' lang='grc'>61</span> <span class='ocrx_word' id='word_1_117' title='bbox 491 1485 621 1560; x_wconf 89' lang='lat' dir='ltr'>precario</span> <span class='ocrx_word' id='word_1_118' title='bbox 632 1488 804 1559; x_wconf 88' lang='lat' dir='ltr'>regnabant.</span> <span class='ocrx_word' id='word_1_119' title='bbox 817 1486 863 1543; x_wconf 89' lang='lat' dir='ltr'>Ad</span> <span class='ocrx_word' id='word_1_120' title='bbox 875 1487 937 1544; x_wconf 89' lang='lat' dir='ltr'>haec</span> <span class='ocrx_word' id='word_1_121' title='bbox 948 1505 1018 1560; x_wconf 90' lang='lat' dir='ltr'>ergo</span> <span class='ocrx_word' id='word_1_122' title='bbox 1030 1486 1202 1562; x_wconf 87' lang='lat' dir='ltr'>superanda,</span> 
     </span>
     <span class='ocr_line' id='line_1_15' title="bbox 128 1564 1202 1642; baseline 0.003 -20"><span class='ocrx_word' id='word_1_123' title='bbox 128 1564 191 1623; x_wconf 87' lang='lat' dir='ltr'>alia</span> <span class='ocrx_word' id='word_1_124' title='bbox 222 1565 330 1640; x_wconf 89' lang='lat' dir='ltr'>templa</span> <span class='ocrx_word' id='word_1_125' title='bbox 362 1565 424 1624; x_wconf 92' lang='lat' dir='ltr'>Diis</span> <span class='ocrx_word' id='word_1_126' title='bbox 445 1565 541 1624; x_wconf 87' lang='lat' dir='ltr'>dicare</span> <span class='ocrx_word' id='word_1_127' title='bbox 562 1570 775 1636; x_wconf 89' lang='lat' dir='ltr'>concesseruut,</span> <span class='ocrx_word' id='word_1_128' title='bbox 796 1570 829 1624; x_wconf 88' lang='lat' dir='ltr'>ut</span> <span class='ocrx_word' id='word_1_129' title='bbox 850 1567 930 1624; x_wconf 88' lang='lat' dir='ltr'>nulla</span> <span class='ocrx_word' id='word_1_130' title='bbox 950 1565 1060 1624; x_wconf 86' lang='lat' dir='ltr'>Levitis</span> <span class='ocrx_word' id='word_1_131' title='bbox 1080 1565 1202 1642; x_wconf 80' lang='lat' dir='ltr'>amphus</span> 
     </span>
     <span class='ocr_line' id='line_1_16' title="bbox 128 1645 1201 1722; baseline 0.001 -18"><span class='ocrx_word' id='word_1_132' title='bbox 128 1646 308 1704; x_wconf 81' lang='lat' dir='ltr'>consultatio</span> <span class='ocrx_word' id='word_1_133' title='bbox 339 1651 431 1717; x_wconf 88' lang='lat' dir='ltr'>esset;</span> <span class='ocrx_word' id='word_1_134' title='bbox 453 1645 557 1704; x_wconf 90' lang='lat' dir='ltr'>deiude</span> <span class='ocrx_word' id='word_1_135' title='bbox 577 1646 683 1722; x_wconf 89' lang='lat' dir='ltr'>plures,</span> <span class='ocrx_word' id='word_1_136' title='bbox 705 1645 753 1721; x_wconf 90' lang='lat' dir='ltr'>qui</span> <span class='ocrx_word' id='word_1_137' title='bbox 773 1646 889 1704; x_wconf 90' lang='lat' dir='ltr'>nomine</span> <span class='ocrx_word' id='word_1_138' title='bbox 909 1646 963 1704; x_wconf 91' lang='lat' dir='ltr'>Dei</span> <span class='ocrx_word' id='word_1_139' title='bbox 983 1647 1201 1722; x_wconf 88' lang='lat' dir='ltr'>prophetarent,</span> 
     </span>
     <span class='ocr_line' id='line_1_17' title="bbox 128 1725 1201 1803; baseline 0.003 -20"><span class='ocrx_word' id='word_1_140' title='bbox 128 1725 338 1801; x_wconf 89' lang='lat' dir='ltr'>quaesiverunt,</span> <span class='ocrx_word' id='word_1_141' title='bbox 370 1732 403 1784; x_wconf 91' lang='lat' dir='ltr'>ut</span> <span class='ocrx_word' id='word_1_142' title='bbox 434 1726 597 1800; x_wconf 88' lang='lat' dir='ltr'>Prophetas</span> <span class='ocrx_word' id='word_1_143' title='bbox 627 1727 778 1797; x_wconf 90' lang='lat' dir='ltr'>haberent,</span> <span class='ocrx_word' id='word_1_144' title='bbox 810 1746 882 1801; x_wconf 88' lang='lat' dir='ltr'>quos</span> <span class='ocrx_word' id='word_1_145' title='bbox 910 1726 989 1785; x_wconf 91' lang='lat' dir='ltr'>veris</span> <span class='ocrx_word' id='word_1_146' title='bbox 1013 1733 1201 1803; x_wconf 75' lang='lat' dir='ltr'>opponerent,</span> 
     </span>
     <span class='ocr_line' id='line_1_18' title="bbox 129 1806 1199 1883; baseline 0.001 -18"><span class='ocrx_word' id='word_1_147' title='bbox 129 1806 189 1865; x_wconf 81' lang='lat' dir='ltr'>Sed</span> <span class='ocrx_word' id='word_1_148' title='bbox 212 1806 346 1882; x_wconf 90' lang='lat' dir='ltr'>quicquid</span> <span class='ocrx_word' id='word_1_149' title='bbox 361 1807 457 1864; x_wconf 90' lang='lat' dir='ltr'>conati</span> <span class='ocrx_word' id='word_1_150' title='bbox 471 1811 548 1877; x_wconf 88' lang='lat' dir='ltr'>sunt,</span> <span class='ocrx_word' id='word_1_151' title='bbox 561 1826 719 1882; x_wconf 88' lang='lat' dir='ltr'>numquam</span> <span class='ocrx_word' id='word_1_152' title='bbox 731 1807 792 1865; x_wconf 87' lang='grc'><strong>1611</strong></span> <span class='ocrx_word' id='word_1_153' title='bbox 803 1812 950 1882; x_wconf 90' lang='lat' dir='ltr'>compotes</span> <span class='ocrx_word' id='word_1_154' title='bbox 960 1826 1023 1866; x_wconf 89' lang='lat' dir='ltr'>esse</span> <span class='ocrx_word' id='word_1_155' title='bbox 1033 1812 1199 1883; x_wconf 89' lang='lat' dir='ltr'>potuerunt.</span> 
     </span>
     <span class='ocr_line' id='line_1_19' title="bbox 130 1887 1199 1963; baseline 0.002 -19"><span class='ocrx_word' id='word_1_156' title='bbox 130 1887 287 1962; x_wconf 75' lang='lat' dir='ltr'>Prophetae</span> <span class='ocrx_word' id='word_1_157' title='bbox 299 1887 383 1955; x_wconf 91' lang='lat' dir='ltr'>enim,</span> <span class='ocrx_word' id='word_1_158' title='bbox 396 1887 432 1945; x_wconf 90' lang='lat' dir='ltr'>ad</span> <span class='ocrx_word' id='word_1_159' title='bbox 444 1887 541 1944; x_wconf 89' lang='lat' dir='ltr'>omnia</span> <span class='ocrx_word' id='word_1_160' title='bbox 549 1887 654 1962; x_wconf 89' lang='lat' dir='ltr'>parati,</span> <span class='ocrx_word' id='word_1_161' title='bbox 666 1891 781 1963; x_wconf 91' lang='lat' dir='ltr'>tempus</span> <span class='ocrx_word' id='word_1_162' title='bbox 792 1891 985 1963; x_wconf 89' lang='lat' dir='ltr'>opportunum</span> <span class='ocrx_word' id='word_1_163' title='bbox 996 1890 1199 1963; x_wconf 85' lang='lat' dir='ltr'>expectabant,</span> 
     </span>
     <span class='ocr_line' id='line_1_20' title="bbox 129 1966 1199 2042; baseline 0.003 -18"><span class='ocrx_word' id='word_1_164' title='bbox 129 1987 235 2042; x_wconf 91' lang='lat' dir='ltr'>nempe</span> <span class='ocrx_word' id='word_1_165' title='bbox 272 1966 422 2042; x_wconf 90' lang='lat' dir='ltr'>imperium</span> <span class='ocrx_word' id='word_1_166' title='bbox 460 1967 642 2036; x_wconf 88' lang='lat' dir='ltr'>successoris,</span> <span class='ocrx_word' id='word_1_167' title='bbox 682 1968 757 2042; x_wconf 94' lang='lat' dir='ltr'>quod</span> <span class='ocrx_word' id='word_1_168' title='bbox 795 1985 917 2042; x_wconf 86' lang='lat' dir='ltr'>semper,</span> <span class='ocrx_word' id='word_1_169' title='bbox 957 1968 1023 2026; x_wconf 90' lang='lat' dir='ltr'>dum</span> <span class='ocrx_word' id='word_1_170' title='bbox 1062 1968 1199 2027; x_wconf 87' lang='lat' dir='ltr'>memoria</span> 
     </span>
     <span class='ocr_line' id='line_1_21' title="bbox 127 2047 1200 2122; baseline 0.001 -17"><span class='ocrx_word' id='word_1_171' title='bbox 127 2047 322 2122; x_wconf 87' lang='lat' dir='ltr'>praecedentis</span> <span class='ocrx_word' id='word_1_172' title='bbox 342 2047 432 2122; x_wconf 85' lang='lat' dir='ltr'>viget,</span> <span class='ocrx_word' id='word_1_173' title='bbox 454 2047 616 2122; x_wconf 90' lang='lat' dir='ltr'>precarium</span> <span class='ocrx_word' id='word_1_174' title='bbox 637 2052 699 2118; x_wconf 72' lang='lat' dir='ltr'>est,</span> <span class='ocrx_word' id='word_1_175' title='bbox 721 2052 783 2106; x_wconf 90' lang='lat' dir='ltr'>tum</span> <span class='ocrx_word' id='word_1_176' title='bbox 804 2047 888 2106; x_wconf 88' lang='lat' dir='ltr'>facile</span> <span class='ocrx_word' id='word_1_177' title='bbox 908 2047 1086 2106; x_wconf 85' lang='lat' dir='ltr'>authoritate</span> <span class='ocrx_word' id='word_1_178' title='bbox 1100 2048 1200 2107; x_wconf 88' lang='lat' dir='ltr'>diviua</span> 
     </span>
     <span class='ocr_line' id='line_1_22' title="bbox 128 2127 1200 2203; baseline 0.002 -18"><span class='ocrx_word' id='word_1_179' title='bbox 128 2127 255 2203; x_wconf 87' lang='lat' dir='ltr'>aliquem</span> <span class='ocrx_word' id='word_1_180' title='bbox 286 2129 395 2202; x_wconf 81' lang='lat' dir='ltr'>Regem</span> <span class='ocrx_word' id='word_1_181' title='bbox 426 2128 570 2186; x_wconf 87' lang='lat' dir='ltr'>infensum</span> <span class='ocrx_word' id='word_1_182' title='bbox 596 2132 626 2186; x_wconf 91' lang='lat' dir='ltr'>et</span> <span class='ocrx_word' id='word_1_183' title='bbox 646 2127 755 2186; x_wconf 87' lang='lat' dir='ltr'>virtute</span> <span class='ocrx_word' id='word_1_184' title='bbox 776 2128 885 2185; x_wconf 90' lang='lat' dir='ltr'>clarum</span> <span class='ocrx_word' id='word_1_185' title='bbox 906 2127 1042 2186; x_wconf 90' lang='lat' dir='ltr'>inducere</span> <span class='ocrx_word' id='word_1_186' title='bbox 1064 2134 1200 2203; x_wconf 87' lang='lat' dir='ltr'>poterant</span> 
     </span>
     <span class='ocr_line' id='line_1_23' title="bbox 127 2207 1199 2283; baseline 0.002 -18"><span class='ocrx_word' id='word_1_187' title='bbox 127 2209 169 2266; x_wconf 89' lang='lat' dir='ltr'>ad</span> <span class='ocrx_word' id='word_1_188' title='bbox 188 2208 236 2282; x_wconf 85' lang='lat' dir='ltr'>jus</span> <span class='ocrx_word' id='word_1_189' title='bbox 257 2207 387 2266; x_wconf 90' lang='lat' dir='ltr'>divinum</span> <span class='ocrx_word' id='word_1_190' title='bbox 408 2207 621 2278; x_wconf 86' lang='lat' dir='ltr'>vindicandum,</span> <span class='ocrx_word' id='word_1_191' title='bbox 643 2214 673 2266; x_wconf 91' lang='lat' dir='ltr'>et</span> <span class='ocrx_word' id='word_1_192' title='bbox 693 2207 844 2283; x_wconf 91' lang='lat' dir='ltr'>imperium</span> <span class='ocrx_word' id='word_1_193' title='bbox 866 2208 912 2266; x_wconf 90' lang='grc'>161</span> <span class='ocrx_word' id='word_1_194' title='bbox 933 2208 995 2283; x_wconf 88' lang='lat' dir='ltr'>ejus</span> <span class='ocrx_word' id='word_1_195' title='bbox 1011 2212 1124 2283; x_wconf 88' lang='lat' dir='ltr'>partem</span> <span class='ocrx_word' id='word_1_196' title='bbox 1133 2209 1199 2283; x_wconf 87' lang='lat' dir='ltr'>jure</span> 
     </span>
     <span class='ocr_line' id='line_1_24' title="bbox 127 2287 1199 2364; baseline 0.001 -19"><span class='ocrx_word' id='word_1_197' title='bbox 127 2288 343 2363; x_wconf 90' lang='lat' dir='ltr'>possidendum.</span> <span class='ocrx_word' id='word_1_198' title='bbox 366 2289 475 2347; x_wconf 90' lang='lat' dir='ltr'>Verum</span> <span class='ocrx_word' id='word_1_199' title='bbox 496 2309 549 2347; x_wconf 90' lang='lat' dir='ltr'>nec</span> <span class='ocrx_word' id='word_1_200' title='bbox 570 2289 725 2364; x_wconf 86' lang='lat' dir='ltr'>Prophetae</span> <span class='ocrx_word' id='word_1_201' title='bbox 747 2288 853 2362; x_wconf 90' lang='lat' dir='ltr'>aliquid</span> <span class='ocrx_word' id='word_1_202' title='bbox 874 2288 929 2346; x_wconf 87' lang='lat' dir='ltr'>hac</span> <span class='ocrx_word' id='word_1_203' title='bbox 950 2287 1062 2346; x_wconf 91' lang='lat' dir='ltr'>ratione</span> <span class='ocrx_word' id='word_1_204' title='bbox 1084 2307 1199 2363; x_wconf 90' lang='lat' dir='ltr'>promo·</span> 
     </span>
     <span class='ocr_line' id='line_1_25' title="bbox 128 2368 1198 2443; baseline 0 -17"><span class='ocrx_word' id='word_1_205' title='bbox 128 2388 199 2427; x_wconf 90' lang='lat' dir='ltr'>vere</span> <span class='ocrx_word' id='word_1_206' title='bbox 220 2373 371 2443; x_wconf 89' lang='lat' dir='ltr'>poterant;</span> <span class='ocrx_word' id='word_1_207' title='bbox 394 2388 469 2442; x_wconf 90' lang='lat' dir='ltr'>nam,</span> <span class='ocrx_word' id='word_1_208' title='bbox 492 2369 547 2427; x_wconf 85' lang='lat' dir='ltr'>etsi</span> <span class='ocrx_word' id='word_1_209' title='bbox 568 2371 736 2443; x_wconf 82' lang='lat' dir='ltr'>Tyrannum</span> <span class='ocrx_word' id='word_1_210' title='bbox 754 2368 873 2426; x_wconf 90' lang='lat' dir='ltr'>emedio</span> <span class='ocrx_word' id='word_1_211' title='bbox 885 2369 1028 2439; x_wconf 89' lang='lat' dir='ltr'>tollerent,</span> <span class='ocrx_word' id='word_1_212' title='bbox 1041 2370 1198 2427; x_wconf 88' lang='lat' dir='ltr'>manebant</span> 
     </span>
     <span class='ocr_line' id='line_1_26' title="bbox 128 2449 1199 2524; baseline 0 -18"><span class='ocrx_word' id='word_1_213' title='bbox 128 2452 229 2506; x_wconf 88' lang='lat' dir='ltr'>tamen</span> <span class='ocrx_word' id='word_1_214' title='bbox 251 2469 355 2521; x_wconf 88' lang='lat' dir='ltr'>causae,</span> <span class='ocrx_word' id='word_1_215' title='bbox 378 2469 467 2524; x_wconf 89' lang='lat' dir='ltr'>quare</span> <span class='ocrx_word' id='word_1_216' title='bbox 478 2449 548 2507; x_wconf 88' lang='lat' dir='ltr'>nihil</span> <span class='ocrx_word' id='word_1_217' title='bbox 560 2449 637 2507; x_wconf 89' lang='lat' dir='ltr'>aliud</span> <span class='ocrx_word' id='word_1_218' title='bbox 649 2449 803 2520; x_wconf 86' lang='lat' dir='ltr'>iaciebant,</span> <span class='ocrx_word' id='word_1_219' title='bbox 816 2468 901 2524; x_wconf 89' lang='lat' dir='ltr'>quam</span> <span class='ocrx_word' id='word_1_220' title='bbox 912 2468 1019 2507; x_wconf 90' lang='lat' dir='ltr'>novum</span> <span class='ocrx_word' id='word_1_221' title='bbox 1031 2450 1199 2524; x_wconf 87' lang='lat' dir='ltr'>Tyrannum</span> 
     </span>
     <span class='ocr_line' id='line_1_27' title="bbox 127 2528 1199 2606; baseline 0.002 -20"><span class='ocrx_word' id='word_1_222' title='bbox 127 2530 221 2587; x_wconf 88' lang='lat' dir='ltr'>multo</span> <span class='ocrx_word' id='word_1_223' title='bbox 243 2529 349 2588; x_wconf 90' lang='lat' dir='ltr'>civium</span> <span class='ocrx_word' id='word_1_224' title='bbox 370 2529 512 2604; x_wconf 89' lang='lat' dir='ltr'>sanguine</span> <span class='ocrx_word' id='word_1_225' title='bbox 533 2549 636 2588; x_wconf 91' lang='lat' dir='ltr'>emere.</span> <span class='ocrx_word' id='word_1_226' title='bbox 651 2529 809 2588; x_wconf 90' lang='lat' dir='ltr'>Discordiis</span> <span class='ocrx_word' id='word_1_227' title='bbox 818 2529 909 2604; x_wconf 87' lang='lat' dir='ltr'>igitur</span> <span class='ocrx_word' id='word_1_228' title='bbox 919 2528 1057 2606; x_wconf 84' lang='lat' dir='ltr'>bellisque</span> <span class='ocrx_word' id='word_1_229' title='bbox 1067 2528 1199 2588; x_wconf 87' lang='lat' dir='ltr'>civilibus</span> 
     </span>
     <span class='ocr_line' id='line_1_28' title="bbox 127 2608 1196 2687; baseline 0.002 -21"><span class='ocrx_word' id='word_1_230' title='bbox 127 2608 197 2666; x_wconf 89' lang='lat' dir='ltr'>finis</span> <span class='ocrx_word' id='word_1_231' title='bbox 217 2610 323 2680; x_wconf 88' lang='lat' dir='ltr'>nullus,</span> <span class='ocrx_word' id='word_1_232' title='bbox 346 2618 441 2668; x_wconf 87' lang='lat' dir='ltr'>causae</span> <span class='ocrx_word' id='word_1_233' title='bbox 463 2614 559 2668; x_wconf 88' lang='lat' dir='ltr'>autem</span> <span class='ocrx_word' id='word_1_234' title='bbox 578 2611 626 2686; x_wconf 84' lang='lat' dir='ltr'>jus</span> <span class='ocrx_word' id='word_1_235' title='bbox 647 2610 775 2669; x_wconf 87' lang='lat' dir='ltr'>divinum</span> <span class='ocrx_word' id='word_1_236' title='bbox 797 2610 925 2669; x_wconf 86' lang='lat' dir='ltr'>violandi</span> <span class='ocrx_word' id='word_1_237' title='bbox 946 2630 1059 2687; x_wconf 90' lang='lat' dir='ltr'>semper</span> <span class='ocrx_word' id='word_1_238' title='bbox 1080 2611 1196 2681; x_wconf 89' lang='lat' dir='ltr'>eaedem,</span> 
     </span>
     <span class='ocr_line' id='line_1_29' title="bbox 129 2689 1200 2767; baseline 0.002 -20"><span class='ocrx_word' id='word_1_239' title='bbox 129 2709 195 2764; x_wconf 89' lang='lat' dir='ltr'>quae</span> <span class='ocrx_word' id='word_1_240' title='bbox 227 2690 315 2748; x_wconf 86' lang='lat' dir='ltr'>etiam</span> <span class='ocrx_word' id='word_1_241' title='bbox 346 2710 405 2748; x_wconf 92' lang='lat' dir='ltr'>uon</span> <span class='ocrx_word' id='word_1_242' title='bbox 435 2689 492 2749; x_wconf 88' lang='grc'><strong>1161</strong></span> <span class='ocrx_word' id='word_1_243' title='bbox 522 2690 606 2749; x_wconf 91' lang='lat' dir='ltr'>simul</span> <span class='ocrx_word' id='word_1_244' title='bbox 637 2710 701 2749; x_wconf 90' lang='lat' dir='ltr'>cum</span> <span class='ocrx_word' id='word_1_245' title='bbox 732 2695 794 2749; x_wconf 88' lang='lat' dir='ltr'>toto</span> <span class='ocrx_word' id='word_1_246' title='bbox 825 2691 945 2767; x_wconf 90' lang='lat' dir='ltr'>imperio</span> <span class='ocrx_word' id='word_1_247' title='bbox 976 2711 992 2750; x_wconf 95' lang='lat' dir='ltr'>e</span> <span class='ocrx_word' id='word_1_248' title='bbox 1023 2691 1117 2749; x_wconf 88' lang='lat' dir='ltr'>medio</span> <span class='ocrx_word' id='word_1_249' title='bbox 1138 2691 1200 2750; x_wconf 90' lang='lat' dir='ltr'>tolli</span> 
     </span>
     <span class='ocr_line' id='line_1_30' title="bbox 125 2775 296 2845; baseline 0 -17"><span class='ocrx_word' id='word_1_250' title='bbox 125 2775 296 2845; x_wconf 87' lang='lat' dir='ltr'>potuerunt.</span> 
     </span>
    </p>

    <p class='ocr_par' dir='ltr' id='par_1_5' title="bbox 126 2849 1237 3810">
     <span class='ocr_line' id='line_1_31' title="bbox 170 2849 1199 2927; baseline 0.001 -19"><span class='ocrx_word' id='word_1_251' title='bbox 170 2849 225 2908; x_wconf 91' lang='lat' dir='ltr'>His</span> <span class='ocrx_word' id='word_1_252' title='bbox 256 2850 395 2919; x_wconf 90' lang='lat' dir='ltr'>videmus,</span> <span class='ocrx_word' id='word_1_253' title='bbox 426 2852 566 2926; x_wconf 91' lang='lat' dir='ltr'>quomodo</span> <span class='ocrx_word' id='word_1_254' title='bbox 587 2851 699 2926; x_wconf 84' lang='lat' dir='ltr'>Religio</span> <span class='ocrx_word' id='word_1_255' title='bbox 721 2850 751 2909; x_wconf 91' lang='lat' dir='ltr'>iu</span> <span class='ocrx_word' id='word_1_256' title='bbox 772 2852 962 2910; x_wconf 86' lang='lat' dir='ltr'>Hebraeorum</span> <span class='ocrx_word' id='word_1_257' title='bbox 983 2852 1199 2927; x_wconf 89' lang='lat' dir='ltr'>Rempublicam</span> 
     </span>
     <span class='ocr_line' id='line_1_32' title="bbox 126 2930 1197 3006; baseline 0.002 -18"><span class='ocrx_word' id='word_1_258' title='bbox 126 2930 296 2989; x_wconf 87' lang='lat' dir='ltr'>introducta</span> <span class='ocrx_word' id='word_1_259' title='bbox 316 2930 413 3002; x_wconf 90' lang='lat' dir='ltr'>fuerit,</span> <span class='ocrx_word' id='word_1_260' title='bbox 436 2935 465 2989; x_wconf 89' lang='lat' dir='ltr'>et</span> <span class='ocrx_word' id='word_1_261' title='bbox 480 2950 537 3006; x_wconf 89' lang='lat' dir='ltr'>qua</span> <span class='ocrx_word' id='word_1_262' title='bbox 550 2931 663 2990; x_wconf 90' lang='lat' dir='ltr'>ratione</span> <span class='ocrx_word' id='word_1_263' title='bbox 674 2931 825 3006; x_wconf 89' lang='lat' dir='ltr'>imperium</span> <span class='ocrx_word' id='word_1_264' title='bbox 837 2938 977 2990; x_wconf 90' lang='lat' dir='ltr'>aeternum</span> <span class='ocrx_word' id='word_1_265' title='bbox 989 2952 1051 2990; x_wconf 93' lang='lat' dir='ltr'>esse</span> <span class='ocrx_word' id='word_1_266' title='bbox 1062 2931 1197 3006; x_wconf 85' lang='lat' dir='ltr'>potuerit,</span> 
     </span>
     <span class='ocr_line' id='line_1_33' title="bbox 126 3009 1197 3086; baseline 0.001 -18"><span class='ocrx_word' id='word_1_267' title='bbox 126 3009 153 3068; x_wconf 88' lang='lat' dir='ltr'>si</span> <span class='ocrx_word' id='word_1_268' title='bbox 182 3011 263 3085; x_wconf 88' lang='lat' dir='ltr'>justa</span> <span class='ocrx_word' id='word_1_269' title='bbox 293 3011 468 3086; x_wconf 84' lang='lat' dir='ltr'>legislatoris</span> <span class='ocrx_word' id='word_1_270' title='bbox 498 3012 542 3070; x_wconf 91' lang='lat' dir='ltr'>ira</span> <span class='ocrx_word' id='word_1_271' title='bbox 573 3011 1120 3086; x_wconf 74' lang='grc'><strong>116616111616161616661666616661.</strong></span> <span class='ocrx_word' id='word_1_272' title='bbox 1143 3012 1197 3070; x_wconf 83' lang='lat' dir='ltr'>Sed</span> 
     </span>
     <span class='ocr_line' id='line_1_34' title="bbox 128 3090 1198 3168; baseline 0.003 -21"><span class='ocrx_word' id='word_1_273' title='bbox 128 3090 198 3166; x_wconf 88' lang='lat' dir='ltr'>quia</span> <span class='ocrx_word' id='word_1_274' title='bbox 229 3091 257 3148; x_wconf 96' lang='lat' dir='ltr'>id</span> <span class='ocrx_word' id='word_1_275' title='bbox 279 3091 342 3149; x_wconf 87' lang='lat' dir='ltr'>fieri</span> <span class='ocrx_word' id='word_1_276' title='bbox 363 3111 421 3149; x_wconf 89' lang='grc'>161</span> <span class='ocrx_word' id='word_1_277' title='bbox 442 3092 545 3167; x_wconf 91' lang='lat' dir='ltr'>potuit,</span> <span class='ocrx_word' id='word_1_278' title='bbox 568 3093 685 3150; x_wconf 87' lang='lat' dir='ltr'>tandem</span> <span class='ocrx_word' id='word_1_279' title='bbox 706 3090 825 3148; x_wconf 90' lang='lat' dir='ltr'>interire</span> <span class='ocrx_word' id='word_1_280' title='bbox 846 3091 953 3149; x_wconf 92' lang='lat' dir='ltr'>debuit.</span> <span class='ocrx_word' id='word_1_281' title='bbox 976 3093 1074 3168; x_wconf 90' lang='lat' dir='ltr'>Atque</span> <span class='ocrx_word' id='word_1_282' title='bbox 1095 3092 1142 3149; x_wconf 92' lang='lat' dir='ltr'>hic</span> <span class='ocrx_word' id='word_1_283' title='bbox 1163 3092 1198 3150; x_wconf 92' lang='lat' dir='ltr'>de</span> 
     </span>
     <span class='ocr_line' id='line_1_35' title="bbox 126 3170 1198 3246; baseline 0.002 -18"><span class='ocrx_word' id='word_1_284' title='bbox 126 3171 189 3229; x_wconf 90' lang='lat' dir='ltr'>solo</span> <span class='ocrx_word' id='word_1_285' title='bbox 211 3170 304 3246; x_wconf 89' lang='lat' dir='ltr'>primo</span> <span class='ocrx_word' id='word_1_286' title='bbox 325 3171 445 3246; x_wconf 91' lang='lat' dir='ltr'>imperio</span> <span class='ocrx_word' id='word_1_287' title='bbox 466 3172 580 3230; x_wconf 89' lang='lat' dir='ltr'>locutus</span> <span class='ocrx_word' id='word_1_288' title='bbox 602 3192 681 3242; x_wconf 90' lang='lat' dir='ltr'>sum;</span> <span class='ocrx_word' id='word_1_289' title='bbox 703 3191 770 3229; x_wconf 91' lang='lat' dir='ltr'>nam</span> <span class='ocrx_word' id='word_1_290' title='bbox 793 3171 949 3229; x_wconf 90' lang='lat' dir='ltr'>secundum</span> <span class='ocrx_word' id='word_1_291' title='bbox 964 3172 1015 3229; x_wconf 83' lang='lat' dir='ltr'>vix</span> <span class='ocrx_word' id='word_1_292' title='bbox 1030 3174 1132 3230; x_wconf 90' lang='lat' dir='ltr'>umbra</span> <span class='ocrx_word' id='word_1_293' title='bbox 1143 3171 1198 3230; x_wconf 88' lang='lat' dir='ltr'>fuit</span> 
     </span>
     <span class='ocr_line' id='line_1_36' title="bbox 126 3251 1237 3328; baseline 0 -20"><span class='ocrx_word' id='word_1_294' title='bbox 126 3251 223 3326; x_wconf 87' lang='lat' dir='ltr'>primi,</span> <span class='ocrx_word' id='word_1_295' title='bbox 263 3252 492 3327; x_wconf 90' lang='lat' dir='ltr'>quandoquidem</span> <span class='ocrx_word' id='word_1_296' title='bbox 521 3253 586 3328; x_wconf 88' lang='lat' dir='ltr'>jure</span> <span class='ocrx_word' id='word_1_297' title='bbox 617 3254 780 3323; x_wconf 87' lang='lat' dir='ltr'>Persarum,</span> <span class='ocrx_word' id='word_1_298' title='bbox 814 3271 934 3326; x_wconf 91' lang='lat' dir='ltr'>quorum</span> <span class='ocrx_word' id='word_1_299' title='bbox 966 3251 1073 3310; x_wconf 91' lang='lat' dir='ltr'>subditi</span> <span class='ocrx_word' id='word_1_300' title='bbox 1105 3255 1197 3321; x_wconf 91' lang='lat' dir='ltr'>eraut,</span> <span class='ocrx_word' id='word_1_301' title='bbox 1234 3277 1237 3281; x_wconf 75' lang='lat'><em>-</em></span> 
     </span>
     <span class='ocr_line' id='line_1_37' title="bbox 126 3330 1198 3408; baseline -0.001 -19"><span class='ocrx_word' id='word_1_302' title='bbox 126 3334 313 3401; x_wconf 88' lang='lat' dir='ltr'>tenebantur,</span> <span class='ocrx_word' id='word_1_303' title='bbox 345 3337 375 3390; x_wconf 89' lang='grc'>61</span> <span class='ocrx_word' id='word_1_304' title='bbox 399 3337 552 3408; x_wconf 90' lang='lat' dir='ltr'>postquam</span> <span class='ocrx_word' id='word_1_305' title='bbox 572 3333 737 3391; x_wconf 86' lang='lat' dir='ltr'>libertatem</span> <span class='ocrx_word' id='word_1_306' title='bbox 759 3330 856 3408; x_wconf 89' lang='lat' dir='ltr'>adepti</span> <span class='ocrx_word' id='word_1_307' title='bbox 877 3337 953 3402; x_wconf 91' lang='lat' dir='ltr'>sunt,</span> <span class='ocrx_word' id='word_1_308' title='bbox 976 3330 1132 3390; x_wconf 87' lang='lat' dir='ltr'>Pontifices</span> <span class='ocrx_word' id='word_1_309' title='bbox 1150 3331 1198 3405; x_wconf 87' lang='lat' dir='ltr'>jus</span> 
     </span>
     <span class='ocr_line' id='line_1_38' title="bbox 126 3409 1197 3488; baseline -0.001 -19"><span class='ocrx_word' id='word_1_310' title='bbox 126 3411 309 3488; x_wconf 88' lang='lat' dir='ltr'>principatus</span> <span class='ocrx_word' id='word_1_311' title='bbox 330 3418 553 3488; x_wconf 88' lang='lat' dir='ltr'>usurpaverunt,</span> <span class='ocrx_word' id='word_1_312' title='bbox 577 3433 632 3488; x_wconf 92' lang='lat' dir='ltr'>quo</span> <span class='ocrx_word' id='word_1_313' title='bbox 653 3412 803 3488; x_wconf 86' lang='lat' dir='ltr'>imperium</span> <span class='ocrx_word' id='word_1_314' title='bbox 825 3409 1197 3470; x_wconf 86' lang='lat' dir='ltr'>absolutumobtinueruut.</span> 
     </span>
     <span class='ocr_line' id='line_1_39' title="bbox 128 3490 1198 3568; baseline -0.001 -19"><span class='ocrx_word' id='word_1_315' title='bbox 128 3492 218 3560; x_wconf 62' lang='lat' dir='ltr'>Unde,</span> <span class='ocrx_word' id='word_1_316' title='bbox 245 3492 448 3552; x_wconf 85' lang='lat' dir='ltr'>Sacerdotibus</span> <span class='ocrx_word' id='word_1_317' title='bbox 480 3493 621 3568; x_wconf 89' lang='lat' dir='ltr'>regnandi</span> <span class='ocrx_word' id='word_1_318' title='bbox 646 3498 675 3551; x_wconf 91' lang='lat' dir='ltr'>et</span> <span class='ocrx_word' id='word_1_319' title='bbox 695 3493 894 3568; x_wconf 87' lang='lat' dir='ltr'>pontificatum</span> <span class='ocrx_word' id='word_1_320' title='bbox 916 3491 1000 3550; x_wconf 90' lang='lat' dir='ltr'>simul</span> <span class='ocrx_word' id='word_1_321' title='bbox 1021 3490 1198 3566; x_wconf 90' lang='lat' dir='ltr'>adipiscendi</span> 
     </span>
     <span class='ocr_line' id='line_1_40' title="bbox 126 3571 1199 3648; baseline 0.001 -19"><span class='ocrx_word' id='word_1_322' title='bbox 126 3571 233 3646; x_wconf 88' lang='lat' dir='ltr'>ingens</span> <span class='ocrx_word' id='word_1_323' title='bbox 264 3572 368 3645; x_wconf 91' lang='lat' dir='ltr'>libido;</span> <span class='ocrx_word' id='word_1_324' title='bbox 402 3593 490 3648; x_wconf 89' lang='lat' dir='ltr'>quare</span> <span class='ocrx_word' id='word_1_325' title='bbox 523 3575 558 3632; x_wconf 91' lang='lat' dir='ltr'>de</span> <span class='ocrx_word' id='word_1_326' title='bbox 589 3575 643 3632; x_wconf 87' lang='lat' dir='ltr'>hoe</span> <span class='ocrx_word' id='word_1_327' title='bbox 664 3575 789 3632; x_wconf 92' lang='lat' dir='ltr'>seeundo</span> <span class='ocrx_word' id='word_1_328' title='bbox 809 3571 926 3630; x_wconf 90' lang='grc'><strong>11111116</strong></span> <span class='ocrx_word' id='word_1_329' title='bbox 947 3592 1019 3648; x_wconf 92' lang='lat' dir='ltr'>opus</span> <span class='ocrx_word' id='word_1_330' title='bbox 1039 3571 1095 3629; x_wconf 85' lang='lat' dir='ltr'>fuit</span> <span class='ocrx_word' id='word_1_331' title='bbox 1115 3573 1199 3648; x_wconf 89' lang='lat' dir='ltr'>plura</span> 
     </span>
     <span class='ocr_line' id='line_1_41' title="bbox 126 3651 1196 3730; baseline 0.001 -21"><span class='ocrx_word' id='word_1_332' title='bbox 126 3651 231 3711; x_wconf 90' lang='lat' dir='ltr'>dicere.</span> <span class='ocrx_word' id='word_1_333' title='bbox 263 3654 311 3711; x_wconf 82' lang='grc'>111</span> <span class='ocrx_word' id='word_1_334' title='bbox 342 3673 411 3711; x_wconf 90' lang='grc'><strong>1616</strong></span> <span class='ocrx_word' id='word_1_335' title='bbox 443 3653 574 3729; x_wconf 82' lang='lat' dir='ltr'>primum,</span> <span class='ocrx_word' id='word_1_336' title='bbox 607 3658 693 3730; x_wconf 88' lang='lat' dir='ltr'>prout</span> <span class='ocrx_word' id='word_1_337' title='bbox 725 3654 819 3729; x_wconf 88' lang='lat' dir='ltr'>ipsum</span> <span class='ocrx_word' id='word_1_338' title='bbox 850 3652 979 3711; x_wconf 90' lang='lat' dir='ltr'>durabile</span> <span class='ocrx_word' id='word_1_339' title='bbox 1005 3652 1196 3727; x_wconf 74' lang='lat' dir='ltr'>concepimuS,</span> 
     </span>
     <span class='ocr_line' id='line_1_42' title="bbox 130 3731 1196 3810; baseline 0.002 -21"><span class='ocrx_word' id='word_1_340' title='bbox 130 3732 270 3791; x_wconf 86' lang='lat' dir='ltr'>imitabile</span> <span class='ocrx_word' id='word_1_341' title='bbox 292 3733 337 3804; x_wconf 92' lang='lat' dir='ltr'>sit,</span> <span class='ocrx_word' id='word_1_342' title='bbox 360 3735 407 3792; x_wconf 89' lang='lat' dir='ltr'>vel</span> <span class='ocrx_word' id='word_1_343' title='bbox 427 3735 514 3809; x_wconf 91' lang='lat' dir='ltr'>pium,</span> <span class='ocrx_word' id='word_1_344' title='bbox 536 3735 565 3793; x_wconf 91' lang='lat' dir='ltr'>id</span> <span class='ocrx_word' id='word_1_345' title='bbox 586 3735 679 3810; x_wconf 92' lang='lat' dir='ltr'>quoad</span> <span class='ocrx_word' id='word_1_346' title='bbox 701 3735 764 3810; x_wconf 87' lang='lat' dir='ltr'>ejus</span> <span class='ocrx_word' id='word_1_347' title='bbox 784 3733 846 3792; x_wconf 89' lang='lat' dir='ltr'>fieri</span> <span class='ocrx_word' id='word_1_348' title='bbox 867 3738 963 3808; x_wconf 91' lang='lat' dir='ltr'>potest</span> <span class='ocrx_word' id='word_1_349' title='bbox 984 3731 1099 3803; x_wconf 87' lang='lat' dir='ltr'>imitari,</span> <span class='ocrx_word' id='word_1_350' title='bbox 1119 3732 1147 3791; x_wconf 92' lang='lat' dir='ltr'>id</span> <span class='ocrx_word' id='word_1_351' title='bbox 1163 3753 1196 3791; x_wconf 84' lang='grc'>61</span> 
     </span>
    </p>
   </div>
   <div class='ocr_carea' id='block_1_5' title="bbox 129 3811 1196 3889">
    <p class='ocr_par' dir='ltr' id='par_1_6' title="bbox 129 3811 1196 3889">
     <span class='ocr_line' id='line_1_43' title="bbox 129 3811 1196 3889; baseline 0 -19"><span class='ocrx_word' id='word_1_352' title='bbox 129 3813 319 3888; x_wconf 86' lang='lat' dir='ltr'>sequentibus</span> <span class='ocrx_word' id='word_1_353' title='bbox 340 3815 460 3889; x_wconf 91' lang='lat' dir='ltr'>patebit.</span> <span class='ocrx_word' id='word_1_354' title='bbox 484 3815 539 3874; x_wconf 92' lang='lat' dir='ltr'>Hic</span> <span class='ocrx_word' id='word_1_355' title='bbox 560 3820 672 3873; x_wconf 83' lang='lat' dir='ltr'>tantum</span> <span class='ocrx_word' id='word_1_356' title='bbox 695 3814 838 3874; x_wconf 90' lang='lat' dir='ltr'>coronidis</span> <span class='ocrx_word' id='word_1_357' title='bbox 859 3814 920 3872; x_wconf 91' lang='lat' dir='ltr'>loco</span> <span class='ocrx_word' id='word_1_358' title='bbox 942 3813 1036 3872; x_wconf 88' lang='lat' dir='ltr'>notari</span> <span class='ocrx_word' id='word_1_359' title='bbox 1059 3811 1145 3871; x_wconf 88' lang='grc'><strong>161111</strong></span> <span class='ocrx_word' id='word_1_360' title='bbox 1158 3812 1196 3883; x_wconf 90' lang='lat' dir='ltr'>id,</span> 
     </span>
    </p>
   </div>
   <div class='ocr_carea' id='block_1_6' title="bbox 0 0 1336 4298">
    <p class='ocr_par' dir='ltr' id='par_1_7' title="bbox 0 0 1336 4298">
     <span class='ocr_line' id='line_1_44' title="bbox 0 0 1336 4298; baseline 0 2"><span class='ocrx_word' id='word_1_361' title='bbox 0 0 1336 4298; x_wconf 95' lang='lat' dir='ltr'> </span> 
     </span>
    </p>
   </div>
  </div>
 </body>
</html>
