2662 4298
123 342 182 400 412
527 361 669 400 nrrsroua
694 361 797 399 nxxw.

125 528 248 604 Spiritus
280 527 379 586 Sancti
408 527 560 597 fructibus,
597 528 647 586 sed
679 528 740 586 sola
761 526 900 602 opinione
924 527 1013 586 inter
1036 529 1164 604 reliquos
1182 530 1214 587 di·

125 612 320 684 gnoscuntur3
353 627 456 682 nempe
487 607 563 682 quia,
595 612 628 665 ut
658 627 766 678 omnes
798 607 871 665 solis
903 607 1077 676 miraculis,
1107 611 1160 668 hoc
1179 617 1214 668 est

124 687 299 764 ignorantia,
333 707 398 763 quae
431 687 523 745 omnis
554 687 672 746 malitiae
704 688 769 745 fons
794 692 847 758 est,
872 707 907 746 se
929 689 1117 761 defendunt,
1139 695 1214 766 atque

125 766 197 826 adeo
228 769 324 843 fidem,
355 767 423 825 licet
443 787 552 839 veram,
574 767 603 826 in
625 767 858 843 superstitionem
883 773 1032 828 vertunt.
1056 771 1166 829 Verum
1185 790 1215 828 an

125 848 192 907 huic
212 848 288 906 malo
309 847 466 906 remedium
488 848 655 907 adhibere*
676 867 760 922 reges
781 867 915 923 unquam
938 851 1128 922 concedent,
1143 851 1216 908 valde

125 928 234 986 dubito.
270 927 410 1002 Denique,
445 932 477 985 ut
513 929 548 986 de
579 928 667 986 tertio
699 927 786 986 etiam
818 927 920 1008 capite
954 936 1100 989 mentem
1135 951 1215 989 mean

126 1008 231 1067 clarius
262 1007 399 1083 aperiam,
432 1008 503 1077 dico,
537 1008 572 1066 ad
605 1009 725 1067 salutern
759 1027 817 1066 non
849 1027 918 1067 esse
944 1010 1079 1068 omniuo
1101 1031 1216 1077 necesse,

126 1088 272 1147 Christum
303 1089 459 1146 secundum
492 1108 607 1147 carnem
637 1107 771 1159 noscere;
803 1087 853 1146 sed
887 1089 926 1147 de
949 1095 1077 1149 aeterno
1098 1091 1149 1150 illo
1168 1091 1215 1149 filio

126 1167 189 1239 Dei,
211 1169 266 1226 hoc
286 1173 339 1240 est,
361 1168 416 1226 Dei
438 1173 548 1227 aeterna
569 1166 720 1243 sapientia,
743 1188 809 1243 quae
830 1187 898 1226 sese
920 1169 954 1227 in
967 1171 1117 1230 omnibus
1130 1174 1214 1240 rebus,

126 1254 156 1306 et
176 1248 301 1306 maxime
322 1248 352 1306 in
374 1249 473 1306 Mente
494 1250 629 1318 humana,
652 1253 684 1307 et
704 1247 830 1306 omnium
846 1251 880 1284 **
903 1250 1046 1309 maxime
1061 1251 1096 1310 in
1111 1252 1216 1311 Christo

127 1330 199 1387 Jesu
214 1330 262 1400 *ὴ*
295 1328 511 1399 manivcstavit,
545 1329 632 1404 longe
667 1328 751 1386 aliter
784 1327 988 1388 sentiendum.
1025 1331 1108 1390 Nam
1144 1352 1216 1390 nemo

127 1411 235 1484 absque
255 1409 311 1467 hac
331 1409 368 1466 ad
390 1413 498 1467 statum
519 1408 705 1468 beatitudinis
725 1412 823 1483 potest
843 1410 1022 1484 pervenire,
1042 1417 1151 1489 utpote
1161 1432 1216 1488 que

41 1488 43 1491 ’
127 1489 189 1548 sola
219 1490 311 1556 docet,
344 1488 412 1565 quid
444 1509 545 1547 verum
566 1493 628 1560 et'r
649 1489 762 1559 falsum,
783 1491 889 1547 bonum
914 1495 948 1548 et
969 1492 1092 1550 malum
1115 1493 1162 1552 sit.
1185 1493 1216 1550 lit

128 1569 203 1644 quia,
236 1569 278 1627 uti
310 1569 379 1638 dixi,
412 1570 475 1628 haec
506 1569 649 1644 sapientia
679 1589 731 1644 per
761 1570 863 1627 Jesum
895 1569 1062 1630 Christum
1101 1572 1215 1631 maxime

127 1648 314 1707 manifestata
333 1649 398 1719 fuit,
420 1649 485 1707 ideo
506 1649 596 1724 ipsius
618 1649 749 1725 discipuli
770 1649 901 1720 eandem,
927 1656 1090 1725 quatenus
1112 1653 1215 1728 abipso

128 1728 199 1803 ipsis
213 1732 249 1799 tt
270 1728 326 1785 suit
346 1729 485 1797 revelata,
507 1729 748 1804 praedicaverunt,
770 1748 893 1805 seseque
915 1730 1034 1806 spiritu
1050 1733 1106 1791 illo
1119 1732 1216 1792 Christi

128 1828 216 1883 supra
246 1807 371 1881 reliquos
397 1809 514 1884 gloriari
535 1830 619 1885 posse
640 1810 838 1868 ostenderunt.
862 1809 1017 1869 Caeterum
1043 1815 1126 1887 quod
1148 1820 1236 1889 quae·'

129 1890 194 1946 dam
225 1888 362 1947 Ecclesiae
394 1889 439 1948 his
470 1890 589 1960 addunt,
622 1891 729 1967 quod§
765 1890 844 1948 Deus
875 1894 1022 1950 naturam
1064 1894 1213 1952 humanam

129 1968 318 2044 assumpserit
332 1972 375 2041 gg,
404 1969 502 2028 monui
533 1990 677 2045 expresse,
709 1989 754 2028 me
776 1969 843 2044 quid
865 1969 971 2028 dicant
992 1973 1136 2046 nescire;
1157 1974 1215 2036 imo,

130 2055 164 2107 ut
185 2069 284 2107 verum
305 2050 408 2122 fatear,
430 2070 489 2108 non
509 2050 604 2109 minus
625 2051 748 2108 absurde
768 2048 839 2107 mihi
859 2049 941 2124 loqui
963 2051 1126 2126 videntur,
1139 2073 1214 2129 quam

129 2129 154 2187 si
185 2129 250 2206 quis
278 2129 349 2187 mihi
370 2130 487 2201 diceret,
510 2132 586 2206 quod
608 2131 732 2189 circulus
752 2134 887 2188 naturam
909 2132 1061 2205 quadrati
1084 2134 1215 2193 induerit.

129 2211 226 2285 Atque
258 2212 321 2268 haee
352 2211 483 2268 sufficere
515 2210 641 2268 arbitror
672 2212 708 2268 ad
729 2209 942 2285 explicandum,
967 2212 1043 2286 quid
1070 2215 1216 2273 detritus

128 2290 184 2347 illis
216 2291 357 2366 capitibus
389 2290 520 2349 sentiam.
549 2292 592 2348 An
615 2292 715 2349 eadem
736 2289 917 2359 Christiania,
941 2309 1021 2368 quos
1047 2295 1141 2367 nosti,
1164 2296 1216 2370 pla-

130 2370 222 2429 citura
244 2371 310 2441 sint,
332 2370 361 2428 id
386 2376 418 2429 tu
440 2371 540 2429 melius
562 2371 635 2429 scire
656 2371 773 2446 poteris
796 2371 876 2427 Vale.

382 2706 599 2764 Errsroun
631 2708 753 2764 LXXlV
776 2708 944 2779 (omuxirn).

415 2833 580 2890 Clarissimo
602 2833 827 2907 Doctissr'moque
850 2830 919 2888 Viro

529 2958 532 2966 ¹
592 2957 626 3014 B.
653 2976 680 3013 o.
710 2956 738 3013 S.

311 3081 576 3139 HENRICUS
609 3078 1025 3138 OLDENBURCIUS

623 3187 651 3243 S.
674 3187 705 3244 P.

441 3295 597 3368 Responsio
619 3296 658 3350 ed
674 3295 887 3369 precedentem.

173 3418 410 3493 Quandoquidem
439 3437 575 3475 accusare
595 3437 640 3474 me
662 3416 769 3474 videris
790 3416 884 3474 nimiae
906 3416 1073 3490 brevitatis
1099 3425 1220 3500 culpam

132 3499 210 3557 illam
232 3500 286 3556 hac
308 3498 371 3556 vice
392 3497 480 3555 nimia
501 3497 668 3572 prolixitate
683 3498 785 3555 elnam.
808 3497 1051 3572 Exspectaveras,
1067 3507 1105 3559 ut
1121 3505 1219 3576 video,

162 3706 172 3723 ⁴*
189 3701 282 3747 Gerh.:
301 3700 441 3745 attribuere.
506 3703 527 3721 ⁸·
545 3700 620 3746 Gerh.
638 3701 734 3745 omittit
751 3701 866 3743 ornm'um.
925 3700 957 3753 ζ’
974 3698 1068 3744 Germ:
1087 3704 1117 3747 in
1139 3714 1220 3751 triente

134 3766 229 3811 Christi
241 3764 308 3809 Jesrr.
364 3766 376 3813 l·
390 3763 479 3808 Geth:
494 3764 554 3821 quid
567 3777 656 3816 rerum,
667 3763 726 3819 quid
733 3763 839 3820 solenni.
895 3763 921 3814 tt
934 3760 1010 3807 Gerh.
1023 3763 1129 3812 omittit
1142 3770 1218 3826 ipsis.

163 3831 175 3885 ς’
193 3826 281 3873 Gerh.:
300 3830 326 3869 ut
343 3827 413 3884 quod.
539 3826 566 3882 ἓξ
584 3824 672 3869 cern:
690 3827 812 3870 surriserit.
