2662 4298
336 421 342 426 ,
398 379 713 419 rnnonoeroo-ronrrror
732 381 796 420 our.
820 381 872 418 xu.
929 370 932 383 ¹
1127 364 1165 420 95

106 554 184 609 reete
204 548 260 606 dioi
280 552 385 623 potest,
408 547 476 622 quin
497 547 570 606 malo
591 547 809 623 interpretando
828 547 920 622 possit
934 548 1095 624 depravari.
1112 548 1168 618 Qui

106 628 303 704 voluptatibus
316 627 467 702 indulgere
478 627 588 697 volunt,
600 628 683 686 facile
692 647 808 686 eausam
819 648 1027 704 quamcumque
1037 628 1167 687 invenire

105 713 242 787 possunt3
275 728 328 766 neo
359 707 424 766 olim
456 707 485 775 ii,
507 707 555 782 qui
575 708 638 783 ipsa
659 708 819 782 originalia,
841 728 936 766 aream
957 709 1089 779 foederis,
1110 709 1167 767 imo

105 791 183 867 ipsos
213 789 376 864 Prophetas
406 794 435 847 et
463 789 619 863 Apostolos
640 788 795 858 habebant,
816 788 947 847 meliores
967 790 1093 859 fuerunt,
1115 809 1169 847 nee

103 868 197 945 magis
227 872 475 944 obtemperantes;
508 869 557 926 sed
588 888 695 939 omnes,
727 873 786 926 tam
807 869 902 928 Judaei
923 889 1008 943 quam
1029 869 1168 941 Gentiles,

105 951 190 1009 iidem
221 969 333 1024 semper
363 949 489 1021 fuerunt,
522 953 551 1006 et
581 948 611 1006 in
632 948 709 1006 omni
730 969 791 1007 aevo
813 949 906 1008 virtus
927 950 1079 1007 admodum
1100 970 1168 1008 rara

104 1031 166 1090 fuit.
188 1032 336 1098 Attamen,
358 1034 391 1087 ut
411 1048 523 1087 omnem
545 1049 693 1087 amoveam
714 1030 888 1103 scrupulum,
904 1031 1110 1088 ostendendum
1123 1030 1169 1088 hie
1275 1057 1280 1069 ·

106 1116 159 1181 est,
191 1130 249 1185 qua
279 1109 391 1167 ratione
423 1109 579 1183 Soriptura,
611 1115 641 1166 et
662 1129 837 1184 quaeeunque
858 1117 908 1166 res‘
924 1115 1013 1178 muta,
1036 1130 1118 1168 sacra
1138 1118 1168 1167 et

108 1191 205 1250 divina
226 1190 283 1248 diei
303 1190 421 1248 debeat:
444 1189 555 1259 deinde,
578 1189 645 1264 quid
667 1189 705 1247 sit
726 1209 828 1247 revera
842 1190 968 1247 Verbum
980 1190 1041 1259 Dei,
1054 1191 1168 1264 etquod

107 1271 135 1330 id
166 1290 224 1328 non
256 1270 438 1328 contineatur
469 1269 498 1327 in
531 1275 609 1327 certo
640 1289 759 1327 numero
790 1269 944 1327 librorum:
977 1274 1006 1327 et
1036 1270 1167 1344 denique,

108 1350 294 1426 Scripturam,
317 1355 459 1424 quatenus
480 1369 515 1407 ea
536 1351 627 1419 dooet,
650 1369 715 1424 quae
736 1350 773 1407 ad
794 1349 985 1407 obedientiam
1006 1350 1166 1407 etsalutem

108 1430 270 1490 necessaria
300 1435 377 1499 sunt,
409 1449 468 1487 non
498 1430 625 1505 potuisse
657 1428 808 1504 eorrumpi.
841 1429 914 1487 Nam
946 1449 983 1487 ex
1016 1429 1060 1488 his
1087 1430 1170 1488 facile

107 1511 301 1586 unusquisque
319 1510 449 1586 judieare
470 1509 586 1584 poterit,
602 1530 654 1568 nos
665 1509 736 1568 nihil
747 1514 848 1568 eontra
859 1509 913 1568 Dei
922 1512 1040 1568 verbum
1053 1510 1168 1577 dixisse,

109 1611 162 1650 neo
183 1591 272 1649 ullum
292 1591 386 1649 looum
406 1589 548 1665 impietati
568 1590 688 1649 dedisse.

146 1672 180 1729 Id
211 1690 325 1730 eaerum
356 1674 386 1728 et
417 1670 545 1729 divinum
577 1675 706 1740 vooatur,
739 1671 813 1745 quod
845 1669 947 1745 pietati
977 1676 1007 1728 et
1037 1669 1170 1744 religioni

109 1752 275 1811 exercendae
290 1749 465 1809 destinatum
478 1757 539 1821 est;
552 1755 581 1808 et
591 1751 700 1809 tamdiu
713 1755 825 1810 tantum
837 1770 950 1808 sacrum
961 1752 1024 1822 orit,
1036 1751 1170 1826 quamdiu

109 1832 238 1891 homines
269 1851 302 1890 eo
333 1831 466 1906 religiose
486 1836 623 1903 utuntur;
645 1831 719 1907 quod
741 1831 765 1888 si
785 1831 825 1906 pii
847 1850 909 1888 esse
930 1831 1071 1902 desinant,
1093 1836 1123 1889 et
1141 1831 1171 1888 id

109 1913 195 1972 etiam
226 1911 310 1970 simul
340 1931 455 1969 sacrum
486 1931 549 1969 esse
579 1912 707 1982 desinet;
740 1916 770 1970 at
801 1911 825 1969 si
849 1911 924 1968 idem
946 1912 981 1969 ad
1002 1931 1049 1970 res
1068 1911 1174 1986 impias

108 1993 266 2069 patrandae
297 1991 438 2063 dedicent,
471 1996 532 2049 tum
563 1991 592 2049 id
623 1992 725 2067 ipsum,
758 1992 833 2066 quod
859 1996 946 2049 antea
967 1988 1079 2050 suorum
1101 1997 1171 2061 erat,

109 2074 286 2131 immundum
308 2077 337 2130 et
357 2072 508 2148 profanum
531 2073 675 2131 reddetur.
698 2072 751 2130 ux.
765 2092 808 2146 gr.
820 2073 899 2129 loeus
910 2071 1053 2146 quidama
1064 2073 1173 2131 Jaoobo

110 2194 282 2253 Patriaroha
313 2197 434 2251 vocatus
463 2193 518 2251 fuit
539 2163 582 2251 ll&
603 2194 658 2250 nu
679 2196 780 2257 doricus
800 2195 866 2265 Dei,
889 2192 955 2266 quia
975 2191 1015 2249 ibi
1035 2193 1126 2250 Deum
1148 2191 1174 2249 oi

108 2274 268 2334 revelatum
302 2273 405 2344 coluit;
439 2274 488 2332 sed
518 2273 710 2349 aProphetis
730 2274 777 2331 ille
797 2273 858 2349 ipse
878 2272 958 2330 loeus
978 2276 1099 2331 vocatus
1119 2272 1174 2329 fnit

108 2357 151 2439 11&
174 2356 230 2411 Ν)
253 2356 354 2413 domus
373 2357 535 2429 iniquitatis
556 2353 632 2427 (vide
653 2355 763 2411 Hamos
783 2373 845 2428 oap.
868 2355 895 2410 5.
918 2372 960 2410 vs
985 2354 1010 2410 5.
1033 2357 1062 2410 et
1072 2353 1175 2411 Hoseae

112 2493 173 2548 cap.
208 2473 254 2530 10.
289 2490 331 2528 vs.
365 2472 415 2544 5.),
449 2470 516 2545 quia
548 2469 689 2528 israelitae
721 2490 758 2528 ex
777 2469 910 2527 instituto
931 2467 1116 2526 derobolrami
1136 2468 1176 2524 ibi

113 2553 195 2610 idolis
217 2550 379 2610 sacrificare
400 2551 540 2608 solebant.
562 2550 649 2608 Aliud
671 2551 841 2625 exemplum,
864 2548 1177 2624 quodremolarissimo

113 2633 228 2691 indicat.
261 2632 358 2689 Verba
389 2651 427 2688 ex
458 2631 517 2688 solo
539 2651 592 2689 usu
612 2635 721 2688 oertam
742 2631 851 2688 habent
871 2628 1124 2704 significationem
1147 2633 1177 2686 et

114 2713 138 2770 si
167 2712 324 2771 seeundum
355 2712 432 2769 huno
464 2731 560 2769 eorum
593 2730 675 2768 usum
705 2710 748 2768 ita
774 2711 972 2786 disponantur,
994 2714 1027 2766 ut
1046 2709 1177 2766 hominos

115 2794 212 2851 eadem
245 2793 375 2866 legentes
407 2792 442 2848 ad
464 2791 646 2849 devotionem
666 2796 811 2860 moveant,
833 2797 894 2849 tum
915 2790 964 2847 illa
984 2791 1075 2847 verba
1095 2810 1178 2848 saera

115 2877 261 2951 erunt,et
283 2871 369 2930 etiam
390 2871 462 2929 liber
483 2872 536 2929 tali
556 2874 710 2929 verborum
732 2871 917 2946 dispositione
938 2870 1070 2944 scriptus.
1088 2869 1140 2927 Sed
1154 2869 1178 2926 si

115 2959 215 3030 postea
236 2973 305 3010 usus
325 2951 367 3009 ita
388 2955 497 3026 pereat,
520 2957 552 3009 ut
574 2954 663 3009 verba
675 2952 782 3009 nullam
792 2952 919 3008 habeant
929 2949 1176 3024 significationem,

114 3035 161 3092 vel
192 3033 268 3109 quod
299 3032 371 3090 liber
401 3051 521 3106 prorsus
552 3031 726 3106 negligatur,
749 3031 810 3088 sive
831 3051 868 3088 ex
888 3029 1007 3099 malitia,
1029 3030 1090 3086 sive
1112 3029 1179 3103 quia

115 3114 213 3172 eodem
243 3132 301 3170 non
319 3112 462 3186 indigent,
485 3117 547 3169 tum
568 3118 597 3169 et
618 3114 707 3169 verba
729 3116 758 3168 et
778 3110 850 3168 liber
870 3110 976 3168 nullius
997 3129 1066 3167 usus
1086 3128 1179 3184 neque

115 3193 278 3252 sanctitatis
310 3198 404 3251 erunt.
437 3192 568 3265 Denique
599 3191 622 3249 si
644 3192 741 3249 eadem
764 3192 852 3248 verba
874 3190 957 3248 aliter
979 3189 1180 3263 disponantur,

115 3275 161 3332 vel
181 3274 257 3349 quod
279 3293 347 3331 usus
357 3272 544 3347 praevaluerit
555 3272 591 3330 ad
603 3272 702 3329 eadem
714 3271 743 3328 in
755 3270 928 3329 contrariam
940 3268 1179 3343 significationem

114 3355 261 3424 sumenda,
294 3358 355 3411 tum
387 3357 416 3411 et
447 3355 536 3410 verba
567 3357 597 3410 et
626 3352 707 3421 liber,
741 3350 790 3425 qui
813 3355 900 3408 antea
920 3348 1003 3417 sacri,
1025 3348 1129 3423 impuri
1150 3352 1180 3405 et

115 3434 229 3510 profani
259 3437 353 3491 erunt.
385 3434 431 3490 Ex
459 3452 514 3507 quo
536 3432 674 3508 sequitur,
697 3431 768 3489 nihil
789 3435 874 3488 extra
894 3433 1018 3488 mentem
1040 3429 1178 3498 absolute,

116 3516 180 3573 sed'
197 3519 310 3573 tantum
344 3514 503 3589 respective
535 3515 570 3570 ad
603 3513 704 3587 ipsam,
736 3531 848 3569 suorum
881 3515 931 3568 aut
956 3509 1108 3585 profanum
1130 3512 1180 3566 aut

116 3596 260 3670 impurum
281 3614 352 3652 esse.
374 3594 456 3664 Quod
467 3593 553 3652 etiam
567 3613 601 3651 ex
612 3592 710 3650 multis
721 3591 876 3666 Scriptura
886 3591 955 3648 loeis
967 3588 1180 3648 evidentissime

117 3679 239 3733 constat.
272 3674 415 3733 deremias
447 3677 492 3738 (ut
512 3694 600 3731 unum
623 3677 673 3731 aut
695 3673 816 3730 alterum
838 3672 980 3743 adferam)
1002 3690 1065 3745 oep.
1088 3672 1114 3729 7.
1136 3691 1179 3728 vs,

118 3756 145 3814 4.
169 3755 219 3826 ait,
242 3756 359 3814 Judaeos
379 3755 423 3813 sui
445 3754 582 3829 temporis
602 3753 676 3811 falso
697 3752 846 3810 vocavisso
860 3752 997 3828 templum
1012 3749 1179 3820 Salomonis,

118 3835 256 3910 templum
276 3835 346 3893 Dei:
368 3855 444 3904 nam,
466 3840 499 3892 ut
519 3834 580 3910 ipse
600 3832 630 3890 in
652 3834 750 3891 eodem
772 3832 866 3908 eapite
887 3831 991 3907 pergit,
1006 3831 1063 3889 Dei
1077 3850 1180 3888 nomen
