2662 4298
378 347 697 388 rnnonoa1co·romrrc1
719 347 783 388 car.
804 347 845 386 vr.
1120 331 1164 401 332

86 515 146 586 sed,
181 514 279 585 solem,
312 519 343 572 et
372 515 470 572 lunam
503 514 627 584 stetisse,
659 513 721 572 sive
752 533 771 572 a
800 533 852 572 suo
883 518 964 572 motu
983 513 1158 587 cessaviss03

85 595 160 670 quod
181 593 254 670 ipsis
274 593 361 652 etiam
383 599 445 653 tum
466 594 605 671 temporis
625 614 684 652 non
704 613 806 669 parum
827 593 969 653 inservire
988 598 1105 670 poterat
1120 595 1158 665 ad

84 673 235 744 llthnicos,
267 674 316 749 qui
347 675 436 734 solem
468 676 638 744 adorabant,
671 673 908 745 convincendum,
940 675 1053 750 etipsa
1073 692 1159 752 expe·¹

85 754 193 815 riontia
214 755 468 831 comprobandum,
491 756 580 813 solem
601 756 655 813 sub
676 754 797 813 alterius
813 754 939 813 numinis
952 755 1072 831 imperio
1086 775 1159 827 esse,

85 855 123 894 ex
145 835 230 911 cujus
250 839 324 893 nutu
345 835 474 894 ordinem
491 844 578 894 'suum
600 835 763 893 naturalem
783 839 897 894 mutare
917 839 1042 894 tenetur.
1062 835 1159 905 Quare

84 915 192 991 partim
226 934 264 972 ex
296 915 444 990 religione,
476 915 583 991 partim
604 935 642 973 ex
662 915 873 991 praeconceptis
894 915 1076 990 opinionibus
1097 935 1159 975 rem

85 997 173 1071 longe
196 995 290 1065 aliter,
313 1015 399 1071 quam
420 1014 524 1054 revera
545 995 714 1071 contingere
734 995 838 1071 potuit,
859 1002 1053 1071 conceperunt
1070 1000 1159 1073 atque

85 1079 307 1135 enarraverunt.
336 1075 432 1150 Igitur
453 1077 488 1134 ad
510 1076 649 1134 miracula
670 1075 856 1151 Scripturas
848 1078 1106 1151 interpretandum,
1128 1080 1159 1134 et

85 1174 122 1214 ex
154 1175 253 1214 eorum
284 1154 501 1215 narrationibus
533 1156 762 1231 intelligendum,
793 1156 972 1231 quomodo'
953 1176 1028 1248 ipsa
1052 1176 1156 1215 revera

85 1235 271 1311 contigerint
299 1255 416 1294 necesse
442 1241 495 1305 est,
518 1236 667 1312 opiniones
688 1255 786 1294 eorum
808 1235 889 1306 scire,
912 1236 961 1310 qui
981 1237 1044 1312 ipsa
1064 1236 1162 1312 primo·

84 1319 291 1387 narraverunt,
313 1316 414 1392 etqui
435 1316 518 1375 nobis
539 1337 573 1375 ea
594 1316 702 1392 scripto
724 1315 911 1391 reliquerunt,
934 1319 965 1374 et
984 1334 1034 1374 eas
1055 1319 1092 1373 ab
1113 1336 1157 1386 eo,

85 1397 162 1473 quod
184 1416 287 1455 sensus
305 1395 342 1455 iis
363 1401 572 1471 repraesentare
593 1400 760 1472 potuerunt,
782 1395 976 1471 distinguere3
994 1395 1066 1454 alias
1080 1395 1156 1454 enim

85 1496 184 1536 eorum
218 1476 367 1552 opiniones
398 1481 427 1535 et
455 1477 564 1552 judicia
596 1497 661 1536 cum
693 1477 756 1553 ipso
776 1476 924 1547 miraculo,
947 1481 1033 1552 prout
1053 1495 1157 1535 revera

84 1556 218 1632 contigit,
246 1558 463 1616 confundamus
485 1557 546 1616 Nec
567 1558 603 1615 ad
624 1558 687 1616 haec
707 1561 831 1627 tantum,
853 1557 903 1615 sed
925 1577 962 1615 ne
984 1556 1071 1615 etiam
1091 1577 1157 1615 con·

84 1638 242 1696 fundamus
272 1656 328 1708 res,
350 1657 415 1713 quae
436 1657 539 1696 revera
560 1637 754 1712 contigerunt,
777 1657 841 1695 cum
861 1639 948 1696 rebus
968 1637 1156 1712 irnaginariis,

84 1722 114 1776 et
147 1736 214 1793 quae
247 1737 305 1775 non
338 1717 392 1776 nisi
417 1717 691 1793 repraesentationes
712 1717 889 1793 propheticae
909 1718 1036 1788 fuerunt,
1058 1737 1158 1776 eorum

85 1797 237 1874 opiniones
258 1797 332 1856 scire
352 1798 451 1856 refert.
472 1798 507 1855 In
529 1797 679 1874 Scriptura
693 1797 769 1856 enim
783 1799 920 1856 multant
934 1797 1024 1856 realia
1038 1817 1157 1856 narran-

84 1883 141 1949 tur,
165 1882 195 1936 et
216 1897 280 1953 quae
302 1876 389 1935 etiam
410 1878 499 1936 realia
520 1898 583 1936 esse
604 1879 805 1948 credebantur,
827 1898 891 1954 quae
912 1883 1010 1936 tamen
1028 1898 1086 1936 non
1100 1878 1157 1936 nisi

84 1957 358 2034 repraesentationes
392 1978 496 2034 resque
527 1958 707 2033 imaginariae
738 1959 873 2028 fuerunt3
904 1964 937 2016 ut
968 1959 1043 2034 quod
1075 1959 1155 2017 Deus

84 2039 239 2112 (summum
260 2041 324 2112 ens)
346 2058 361 2096 e
383 2039 454 2098 coelo
476 2038 657 2097 descenderit
679 2038 758 2111 (vide
771 2037 864 2096 Exodi
878 2058 940 2114 cap.
958 2039 1004 2097 19.
1021 2059 1063 2097 vs.
1081 2039 1156 2098 la*

84 2123 114 2177 et
145 2119 232 2177 Deut.
264 2137 327 2193 cap.
360 2121 388 2178 5.
421 2139 463 2178 va.
497 2119 544 2178 19.
556 2117 612 2193 **)‚
645 2123 675 2178 et
700 2119 775 2194 quod
797 2138 879 2176 mons
900 2118 980 2177 Sinai
1001 2123 1156 2194 propterea

83 2199 223 2267 fumabat,
257 2202 326 2274 quia
345 2199 424 2257 Deus
448 2219 536 2275 supra
557 2199 678 2257 eundem
700 2200 889 2257 descenderat
908 2198 976 2272 igne
997 2199 1156 2257 circumda·

84 2284 147 2351 tus;
183 2279 258 2353 quod
289 2278 368 2337 Elias
399 2281 436 2338 ad
457 2279 559 2338 coelum
579 2279 665 2354 igneo
687 2299 773 2337 carru
794 2284 824 2337 et
843 2278 937 2353 igneis
958 2279 1038 2353 equis
1059 2298 1156 2337 ascen·

83 2359 174 2430 derit3
211 2378 276 2434 quac
312 2379 382 2417 sane
416 2359 511 2418 omnia
547 2379 604 2417 non
639 2359 694 2417 nisi
725 2358 998 2434 repraesentationes
1027 2359 1155 2428 fuerunt,

82 2439 232 2514 adaptatae
255 2438 439 2515 opinionibus
461 2460 568 2508 eorum,
591 2440 641 2515 qui
662 2459 711 2497 eas
731 2439 815 2497 nobis
834 2444 867 2497 ut
887 2439 922 2497 iis
936 2444 1155 2515 repraesentatae
1185 2459 1187 2461 ’

82 2524 159 2590 sunt,
193 2538 297 2594 nempe
328 2524 361 2577 ut
392 2540 439 2578 res
471 2521 608 2590 actuales,
640 2519 832 2579 tradiderunt.
866 2519 973 2578 Omnes
999 2519 1084 2591 enim,
1106 2519 1154 2595 qui

82 2599 295 2675 aliquantulum
327 2619 415 2675 supra
440 2601 560 2673 vulgum
582 2601 707 2675 sapiunt,
730 2600 833 2670 sciunt,
855 2602 948 2658 Deum
969 2620 1028 2658 non
1048 2601 1156 2659 habere

82 2680 217 2739 dextram
238 2699 332 2754 neque
353 2680 510 2751 sinistram,
532 2699 625 2755 neque
645 2681 756 2739 moveri
777 2700 869 2756 neque
892 2681 1046 2755 quiescere,
1061 2700 1156 2756 neque

81 2759 111 2818 in
143 2760 216 2831 loco,
249 2761 299 2818 sed
325 2761 456 2819 absolute
477 2759 621 2819 infinitum
643 2780 714 2831 esse,
737 2766 766 2819 et
786 2761 817 2818 in
838 2780 871 2819 eo
893 2781 992 2819 omnes
1013 2760 1155 2819 contineri

81 2839 285 2915 perfectiones.
307 2840 389 2909 Haec,
411 2841 539 2916 inquam,
561 2841 581 2898 ii
602 2841 706 2910 sciunt,
729 2841 779 2917 qui
799 2860 846 2899 res
867 2861 902 2899 ex
922 2841 1155 2917 perceptionibus

80 2920 146 2996 puri
178 2918 346 2978 intellectus
375 2921 515 2996 judicant,
548 2926 577 2979 et
609 2941 667 2979 non
688 2927 775 2997 prout
794 2921 964 2996 imaginatio
985 2941 1002 2979 a
1023 2921 1155 2980 sensibus

81 3000 211 3058 externis
233 3000 372 3072 afficitur;
394 3006 427 3060 ut
448 3001 554 3074 vulgus
575 3002 656 3072 solet,
679 3003 756 3076 quod
776 3001 840 3060 ideo
862 3003 954 3060 Deum
976 3021 1153 3077 corporeum,

81 3086 111 3139 et
145 3080 298 3155 imperium
329 3081 441 3156 regium
472 3086 629 3151 tenentem,
660 3081 847 3157 imaginatur,
879 3083 961 3157 cujus
992 3082 1094 3140 solium
1124 3082 1155 3140 in

81 3160 267 3219 convexitate
303 3161 366 3220 coeli
400 3182 488 3237 supra
523 3163 622 3220 stellas
655 3181 718 3220 esse
749 3161 842 3236 fingit,
875 3181 996 3237 quarum
1027 3183 1045 3220 a
1075 3168 1155 3220 terra

80 3240 253 3299 distantiam
285 3261 343 3299 non
365 3243 517 3300 admodum
539 3243 656 3317 longam
678 3243 770 3301 credit
790 3262 860 3300 esse.
882 3243 920 3300 Et
941 3242 986 3300 his
1007 3247 1037 3300 et
1057 3242 1154 3299 simili·

82 3323 136 3380 bus
158 3319 342 3396 opinionibus
363 3323 418 3396 (uti
439 3322 574 3392 diximus)
595 3322 765 3398 perplurimi
787 3322 943 3397 Scriptura
966 3341 1049 3379 casus
1067 3322 1154 3397 adap-

79 3401 136 3460 tati
157 3405 236 3469 sunt,
259 3401 307 3476 qui
328 3401 449 3477 proinde
470 3422 527 3461 non
548 3404 654 3461 debent
669 3407 702 3460 ut
716 3403 808 3461 reales
822 3422 840 3460 a
853 3401 1038 3476 Philosophia
1052 3401 1154 3477 accipi.

81 3482 185 3541 Refert
218 3481 341 3557 denique
367 3484 403 3540 ad
424 3483 572 3552 miracula,
595 3488 628 3541 ut
649 3483 766 3541 realiter
787 3481 971 3557 contigerint,
993 3481 1154 3556 intelligen-

125 3756 137 3782 *
153 3757 200 3801 Ed.
218 3756 273 3801 Pa:
291 3757 328 3802 28.

108 3819 135 3844 *⁴
152 3819 199 3864 Ed.
216 3819 270 3864 Pa:
288 3819 325 3864 28.
343 3845 372 3852 —
389 3820 453 3864 Aliis
470 3834 507 3865 vs.
524 3820 563 3866 22.

118 3908 159 3966 Il.
