2662 4298
182 344 219 403 14
621 362 789 402 renarrans

181 531 241 589 Deo
272 531 462 600 delectaberis,
495 536 519 586 et
550 536 575 586 te
599 527 610 559 ²
642 532 770 605 equitare
789 531 900 606 facicm
920 531 1136 604 superexcelso
1157 538 1251 600 terroe,

182 619 208 668 ιι
237 611 357 684 sectatu,
376 617 411 668 ιιι
432 611 561 667 comedas
581 611 774 668 haereditatem
796 611 899 668 Jacobi
923 612 966 668 ιιι
971 612 1079 686 patris,
1101 618 1133 668 ιιι
1155 629 1185 668 os
1206 611 1252 668 Je-

183 691 259 749 lcoooe
287 692 413 749 locutum
434 697 481 748 cst.
504 688 643 747 Videmus
664 689 772 766 itaque,
794 692 970 765 Prophetam
992 709 1044 764 pro
1065 689 1201 748 libertate
1223 695 1253 748 et

183 769 325 828 charitate
346 774 472 828 mentem
492 789 593 828 sanam
613 769 644 826 iu
665 790 784 845 corpore
807 791 886 841 sano,
902 769 1012 845 Deique
1028 769 1150 844 gloriam
1164 770 1254 828 etiam

182 855 250 925 post
270 855 391 908 mortem
412 850 598 925 promittere:
620 870 672 925 pro
689 851 866 909 caeremoniis
880 855 969 908 auten
983 849 1057 908 nihil
1070 850 1126 908 nisi
1140 850 1255 927 imperii

183 929 376 1002 securitatem,
409 930 641 1006 prosperitatem,
674 935 704 988 et
724 931 852 1006 corporis
873 930 1051 989 felicitatem.
1072 931 1108 988 ln
1130 930 1254 990 Psalmis
1283 994 1285 998 Α

185 1011 231 1068 15.
264 1015 294 1068 et
325 1012 372 1068 24.
405 1012 484 1069 nulla
511 1011 544 1068 fit
565 1011 800 1069 caeremoniarum
820 1011 938 1084 mentio,
961 1011 1011 1069 sed
1032 1015 1147 1068 tantum
1168 1011 1255 1069 docu-

183 1094 346 1149 mentorum
377 1090 538 1162 moralium,
570 1090 704 1149 nimirum
740 1091 808 1167 quia
829 1091 858 1149 iu
879 1091 915 1149 iis
936 1092 971 1149 de
992 1091 1053 1149 sola
1074 1091 1254 1150 beatitudine

184 1170 290 1245 agitur,
316 1191 407 1246 eaque
427 1173 488 1230 sola
508 1170 689 1247 proponitur,
712 1172 844 1247 quamvis
864 1176 962 1230 tamen
983 1170 1164 1246 parabolice,
1185 1190 1255 1230 nam

184 1255 295 1310 certum
330 1258 382 1322 est,
414 1250 455 1310 ihi
485 1271 537 1328 per
568 1256 695 1310 montem
726 1252 781 1310 Dei
802 1253 921 1328 ejusque
942 1251 1077 1321 tentoria,
1100 1253 1254 1310 ethorum

183 1331 432 1402 inhabitationem,
454 1332 663 1390 beatitudinem
684 1335 714 1390 et
735 1333 823 1390 animi
844 1331 1094 1408 tranquillitatem,
1110 1351 1169 1389 uon
1183 1351 1255 1390 vero

182 1415 310 1470 montem
330 1412 541 1487 Hierosolyma
562 1431 657 1489 neque
678 1412 767 1470 Mosis
788 1413 1006 1471 tabernaculum
1027 1411 1168 1486 intelligi3
1189 1413 1256 1471 haeo

184 1492 260 1549 euim
283 1493 347 1551 loca
368 1513 386 1550 a
406 1493 519 1550 nemine
540 1491 789 1559 inhabitabantur,
810 1513 864 1551 nec
882 1492 938 1550 nisi
959 1495 996 1550 ab
1016 1491 1256 1568 iis,quiexs01a

184 1571 264 1629 tribu
293 1573 366 1630 Levi
398 1577 490 1643 erant,
522 1572 808 1632 administrabantur.
844 1574 931 1631 Porro
963 1592 1062 1630 omnes
1090 1571 1178 1630 etiam
1198 1571 1256 1631 illae

186 1651 346 1710 Salomonis
380 1652 542 1724 sententiae,
565 1652 687 1728 quasin
708 1653 856 1728 superiore
881 1652 982 1728 Capite
1004 1652 1097 1722 attuli,
1119 1672 1172 1727 pro
1194 1654 1256 1710 solo

186 1733 266 1790 cultu
295 1733 459 1791 intellectus
487 1738 516 1791 et
547 1733 698 1808 sapientiae
719 1753 820 1792 veram
840 1733 1015 1809 promittunt
1035 1732 1254 1803 beatitudinem,

186 1831 288 1888 nempe
309 1814 385 1888 quod
407 1833 443 1871 ex
465 1833 499 1871 ea
520 1815 637 1872 tandem
659 1813 746 1872 timor
766 1813 821 1872 Dei
840 1813 1029 1888 intelligetur,
1052 1817 1081 1870 et
1096 1813 1151 1870 Dei
1165 1813 1255 1871 scien-

184 1892 226 1950 tia
256 1893 429 1953 invenietur.
466 1893 548 1963 Quod
580 1899 676 1951 autem
707 1893 824 1952 Hebraei
854 1898 920 1970 post
955 1895 1133 1951 destructum
1155 1913 1255 1951 eorum

184 1972 335 2048 imperium
347 1994 406 2032 non
416 1979 553 2032 tenentur
564 1974 751 2032 oaeremonias
762 1994 906 2044 exercere,
918 1978 1001 2049 patet
1012 1993 1049 2031 ex
1058 1973 1196 2043 leremia,
1206 1974 1257 2049 qui

184 2055 233 2110 ubi
244 2054 325 2112 urbis
335 2054 528 2112 vastationem
538 2073 628 2129 prope
643 2054 754 2112 instare
765 2054 846 2125 vidit,
859 2059 888 2112 ct
898 2053 1040 2130 praedicit,
1053 2054 1094 2112 ait
1105 2055 1203 2112 Deum
1211 2073 1257 2112 cos

185 2141 297 2192 ιαιιιιιιιι
328 2137 453 2211 diliqere,
487 2137 537 2210 qai
568 2137 661 2192 sciant
692 2142 716 2192 ιι
747 2137 916 2209 ιἰιιιιιφιιιιι,
949 2137 1025 2210 quod
1055 2137 1116 2208 ipae
1150 2142 1256 2192 exercet

184 2217 421 2287 misericordiam,
448 2217 605 2291 judiciam,
639 2223 664 2272 et
690 2218 841 2290 justitiam
872 2219 903 2272 ιἰι
934 2217 1058 2290 ιιιιιιιιο,·
1079 2216 1204 2289 adeoque
1224 2219 1257 2272 ιἰι

180 2303 330 2369 posteram
352 2316 410 2354 ιιοιι
431 2299 489 2354 aiat
511 2315 564 2367 coa,
589 2298 640 2371 qai
660 2297 719 2354 hoec
742 2303 859 2365 ιιονιιιιι,
883 2297 967 2353 laede
988 2297 1089 2370 dtqnos
1109 2297 1256 2352 castimon-

186 2377 236 2432 (ιιι
258 2397 313 2434 esec
335 2375 412 2450 (vide
434 2396 497 2451 cap.
520 2379 547 2434 9.
569 2395 613 2433 ve.
637 2377 707 2450 23),
729 2376 811 2450 quasi
833 2376 949 2446 diceret,
975 2376 1068 2433 Deum
1089 2378 1155 2450 post
1175 2374 1257 2433 urhis

184 2456 379 2514 vastationem
411 2456 482 2513 nihil
513 2455 660 2529 singulare
691 2476 708 2513 a
739 2455 851 2513 ludaeis
882 2456 1008 2530 exigere,
1038 2475 1091 2513 nec
1119 2455 1198 2513 aliud
1220 2458 1259 2513 ab

184 2533 285 2592 iisdem
305 2537 336 2594 in
357 2541 504 2611 posterum
525 2539 632 2611 petere,
654 2541 762 2611 praeter
782 2537 876 2610 legem
897 2536 1068 2605 naturalem,
1084 2555 1141 2610 qua
1156 2555 1257 2594 omnes

186 2617 321 2674 mortales
352 2620 497 2674 tenentur.
530 2615 645 2673 Novum
676 2621 817 2691 praeterea
848 2617 1065 2674 Testamentum
1086 2616 1141 2673 hoc
1162 2616 1257 2691 ipsum

186 2696 271 2770 plane
303 2697 470 2767 confirmat;
503 2695 533 2753 in
564 2715 598 2753 eo
620 2696 705 2768 euim,
727 2697 769 2755 uti
791 2696 924 2765 diximus,
948 2697 1120 2755 documenta
1141 2700 1257 2755 tautum

185 2776 306 2834 moralia
327 2777 475 2849 docentur,
497 2781 527 2834 et
547 2795 600 2851 pro
620 2776 656 2834 iis
677 2797 798 2852 reguum
821 2778 937 2835 coeleste
958 2776 1144 2851 promittitur,
1165 2797 1256 2835 caere-

185 2855 296 2914 monias
327 2861 432 2927 autem,
461 2861 613 2932 postquam
634 2857 825 2932 Euangelium
847 2857 911 2915 aliis
932 2857 1018 2914 etiam
1041 2856 1186 2931 gentibue,
1209 2857 1258 2932 qui

186 2936 305 2994 alterius
335 2937 511 3012 Reipublicae
540 2938 605 3013 jure
637 2941 820 3009 tenebantur,
841 2936 995 3012 praedicari
1015 2936 1131 3012 incepit,
1154 2937 1258 2996 missas

186 3016 317 3075 fecerunt
338 3017 486 3092 Apostoli;
509 3020 583 3093 quod
607 3022 702 3076 autem
724 3018 867 3077 Pharisaei
881 3016 1258 3093 postamissumimperium

188 3115 246 3165 eas,
279 3103 330 3154 aut
361 3099 464 3156 saltem
485 3119 622 3174 magnam
643 3119 742 3156 earum
764 3104 885 3174 partem,
907 3097 1089 3167 retinuerint,
1111 3097 1139 3154 id
1164 3098 1258 3172 magis

187 3177 281 3235 animo
317 3177 489 3236 Christianis
524 3179 706 3248 adversandi,
742 3199 827 3253 quam
858 3180 919 3236 Deo
952 3178 1084 3254 placendi
1114 3178 1256 3236 facerunt.

186 3255 260 3314 Nam
290 3262 356 3333 post
388 3259 510 3333 primam
536 3259 616 3318 urbis
637 3259 840 3331 vastationem,
862 3279 926 3317 oum
947 3259 1126 3333 Babylonem
1148 3258 1258 3334 captivi

186 3337 265 3395 ducti
284 3338 411 3409 fuerunt,
434 3338 502 3414 quia
522 3345 583 3398 tum
604 3340 634 3398 in
656 3345 750 3397 sectas
771 3359 829 3397 non
850 3343 943 3408 erant,
959 3340 1033 3413 quod
1050 3338 1148 3408 sciam,
1161 3338 1256 3408 divisi,

186 3418 284 3475 statim
306 3420 491 3477 ceremonias
512 3421 713 3495 neglexerunt,
728 3419 785 3477 imo
801 3419 854 3476 toti
868 3419 927 3493 legi
941 3419 1031 3477 Mosis
1043 3417 1255 3490 valedixerunt,

186 3498 346 3573 patriaeque
368 3500 434 3573 jura
456 3501 601 3569 oblivioni,
624 3504 656 3558 ut
677 3502 762 3576 plane
784 3500 938 3574 superflua,
961 3500 1152 3570 tradiderunt,
1175 3503 1256 3557 etse

187 3597 251 3635 oum
280 3580 391 3637 caeteris
412 3580 578 3639 nationibus
598 3581 757 3638 immiscere
778 3579 957 3655 inceperunt,
979 3584 1013 3637 ut
1033 3599 1068 3637 ex
1089 3580 1207 3638 Hezdra
1228 3584 1258 3637 et

187 3657 326 3716 Nehemia
357 3660 428 3718 satis
459 3681 603 3737 superque
631 3665 754 3719 constat.
778 3661 872 3730 Quare
895 3680 953 3718 non
974 3660 1091 3718 dubium
1111 3664 1165 3731 est,
1188 3659 1258 3735 quin

221 3839 229 3866 ¹
249 3836 382 3895 Significat
399 3839 541 3900 imperium,
559 3842 680 3897 tanquam
697 3852 790 3897 equum
810 3838 888 3882 trano
906 3840 1001 3884 tenere.
