2662 4298
124 512 248 570 possem,
270 511 355 549 omne
374 492 413 552 id.
435 491 513 567 qnod
533 490 564 548 in
584 509 620 548 eo
640 489 740 548 Verbo
751 490 849 551 nobis
859 496 1165 572 proponitnrctdocctr
1200 562 1203 569 ,

125 594 190 632 cnm
212 572 371 630 sanissimis
390 590 464 629 meae
486 570 593 629 Mentis
612 569 805 647 oonceptibna
826 576 1168 653 congmere.Vernn,qi

125 654 195 711 mihi
220 653 274 728 ipsi
296 666 448 727 suspectos
468 671 542 721 sum,
562 670 660 709 annon
679 650 824 711 continno
847 674 966 717 errore
986 668 1092 717 memet
1106 658 1170 717 mh

127 732 303 809 privaverim
324 732 499 791 conditione.
520 740 559 791 et.
580 738 613 788 ut
633 730 739 788 statuis
759 730 870 793 Princ.
896 736 990 797 Part.
1014 741 1043 798 1.
1063 738 1171 815 Propli,

125 827 229 871 nostra
250 812 381 886 cognitio
402 818 427 873 ³.
448 812 515 869 iicet
536 810 706 879 clarissima,
727 811 829 871 adhuc
852 814 1115 892 imperfectionem
1127 817 1172 877 ind

125 894 195 951 dat:
226 892 333 968 potius.
366 892 454 950 etiam
482 892 545 949 sine
564 890 687 961 ratione,
707 891 745 949 ad
764 891 843 951 illud
868 895 1018 958 Verbmn
1038 898 1174 969 inclino!

129 973 210 1030 nisus
229 973 427 1033 fundamento.
448 972 525 1047 qnod
545 991 563 1028 a
583 970 795 1046 perfectiam'mo
816 976 945 1049 prodiit
965 980 1038 1051 (hoe
1056 978 1176 1057 quippi·

126 1072 334 1129 praesuppono.
356 1053 425 1128 qnia
445 1053 509 1127 ejus
529 1051 663 1128 probatio
682 1050 729 1109 hic
740 1070 802 1109 non
812 1053 955 1117 haberet
966 1056 1178 1133 locumvclt'fl'

126 1134 216 1208 longa
236 1134 333 1203 forcti.
354 1147 384 1190 et
405 1146 560 1208 propterea
580 1151 598 1189 a
617 1151 664 1189 mc
683 1131 763 1189 credi
782 1132 889 1195 debet.
916 1137 954 1197 Si
972 1140 1041 1217 jam
1059 1140 1116 1200 eolo
1130 1140 1179 1197 dm

129 1213 249 1289 Regnlae
271 1232 342 1271 meze
364 1213 474 1288 primae.
497 1212 616 1270 exclusa
635 1211 772 1283 secunda,
793 1216 889 1287 quasi
912 1238 990 1279 eam
1011 1242 1073 1281 non
1090 1222 1180 1280 habau

127 1310 178 1352 aut
199 1314 234 1351 ea
256 1313 315 1350 non
335 1307 460 1363 extaret,
482 1294 518 1350 de
539 1307 589 1350 tua
601 1291 925 1369 Epistolajndicarem,
937 1301 1182 1361 malumminat

127 1374 322 1433 concedenda.
354 1388 386 1431 nt
417 1388 446 1431 et
478 1373 614 1441 concedo.
644 1372 823 1447 subitaque
857 1388 1040 1457 conceptue
1069 1381 1111 1441 tni
1125 1382 1183 1439 m

126 1454 320 1529 suspiciendi:
353 1454 480 1511 secunda
510 1472 582 1511 vero
613 1452 725 1525 Regula
755 1452 882 1528 longius
903 1478 924 1516 a
949 1468 986 1519 te
1008 1482 1059 1522 me
1077 1458 1185 1521 ditaffl

126 1536 213 1608 cogit.
236 1535 355 1593 Verum.
375 1554 429 1609 pro
449 1533 588 1608 Epistolae
607 1532 701 1595 modo.
722 1532 813 1591 ductu
822 1540 858 1592 et
869 1537 972 1615 hujus
984 1538 1186 1617 etillinnregffl

126 1615 276 1689 aliquanto
295 1614 384 1672 latins
404 1634 454 1671 eos
473 1614 655 1671 examinabo.

168 1694 273 1752 Primo.
292 1695 379 1768 juxta
399 1694 493 1768 primo
514 1694 637 1769 positam
648 1692 799 1766 Reginam.
810 1713 1019 1771 rogaveram,
1032 1703 1187 1780 quiam

126 1775 194 1832 dum
215 1790 295 1832 tuam
316 1774 498 1849 positionem,
519 1793 620 1832 creare
636 1786 665 1831 et
675 1792 852 1832 conservare
862 1794 967 1839 nnum
978 1783 1190 1861 idenqmemt

126 1866 156 1912 et
177 1856 245 1929 quia
267 1856 345 1912 Deus
365 1874 424 1912 non
444 1862 558 1912 tantum
579 1874 636 1915 res.
657 1853 706 1911 sed
727 1858 825 1911 motus
845 1874 976 1934 quoqne
999 1870 1036 1922 et
1057 1878 1191 1924 rernm*

126 1936 178 1992 dos
198 1938 231 1970 **
252 1934 283 1991 in
304 1940 384 1992 statu
403 1954 456 1992 suo
476 1954 664 2010 perseverare
683 1932 817 1995 faciebat.
839 1935 900 1995 hoc
923 1947 986 2007 aa,
1011 1964 1084 2003 enm
1103 1945 1137 2003 iis
1151 1960 1193 2001 mr

126 2015 277 2085 currebatg
300 2034 397 2072 annon
419 2014 567 2073 videretur
586 2014 676 2089 sequi.
698 2014 810 2070 nttiittm
832 2023 1194 2101 emmerammum

128 2096 220 2154 Derim
243 2097 351 2152 molum
373 2098 494 2169 operari
501 2118 511 2157 .·
531 2096 586 2152 hac
606 2096 694 2152 ninus
713 2094 826 2167 regula,
847 2098 931 2170 qnod
955 2102 1040 2162 nihi]
1055 2098 1196 2164 contradi

126 2175 307 2233 voluntatem
328 2190 424 2250 potest
446 2176 517 2235 fieri.
539 2175 666 2249 alioquin
686 2167 850 2232 involveret
870 2175 1149 2255 imperfectionem,
1164 2186 1197 2241 td

126 2276 182 2315 ree.
205 2276 277 2330 quas
299 2258 377 2313 Deus
397 2270 536 2330 operatur
556 2256 673 2330 «quibus
693 2254 780 2312 etiam
801 2274 858 2315 reo.
880 2275 962 2330 quas
973 2265 1079 2324 malas
1089 2265 1198 2324 dicimna

126 2337 344 2411 comprehensae
365 2336 513 2394 videnturt
535 2336 622 2393 etiam
644 2336 782 2393 deberent
804 2335 890 2393 malae
911 2356 996 2398 esse.
1023 2345 1140 2404 Verum
1152 2342 1200 2420 qm

127 2426 156 2474 et
189 2417 243 2473 hoc
275 2416 533 2473 contradictionem
564 2416 694 2474 includit.
716 2428 754 2474 et.
777 2434 955 2490 quocunqne
977 2441 1051 2481 eam
1077 2432 1202 2485 verterem

127 2497 221 2561 modo.
256 2515 303 2553 me
333 2515 351 2552 a
383 2495 612 2554 contradictione
643 2495 798 2553 statuenda
829 2495 959 2555 liberare
994 2522 1063 2562 non
1097 2522 1203 2582 possem.

128 2585 287 2651 propterea
318 2595 364 2632 me
395 2576 431 2632 ad
463 2586 492 2633 te
513 2576 694 2650 recipiebam.
717 2584 817 2650 utpote
837 2576 983 2650 optimum
1006 2592 1136 2644 tuorum
1154 2603 1204 2643 oon·

129 2660 264 2730 ceptuum
286 2655 481 2730 interpretem.
504 2657 539 2713 In
559 2657 746 2731 responsione
766 2654 847 2723 dicis,
859 2664 890 2712 te
899 2659 1073 2731 persistere
1084 2666 1118 2724 in
1127 2665 1205 2741 prima

129 2735 284 2801 sententia,
305 2754 409 2810 nempe
429 2735 500 2793 nihil
521 2750 622 2794 contra
642 2737 696 2794 Dei
718 2737 896 2794 voluntatem
917 2738 967 2794 vel
979 2741 1060 2803 fieri.
1075 2747 1205 2822 velpem

128 2815 203 2873 fieri.
232 2816 339 2873 Verum
361 2836 449 2891 quum
472 2817 538 2873 huie
559 2816 721 2875 difficultati
742 2816 975 2891 respondendnm
999 2832 1097 2887 esset.
1121 2842 1206 2884 annon

128 2895 221 2971 igitur
254 2896 332 2954 Deus
363 2897 472 2954 nullum
493 2896 582 2953 faciat
602 2897 718 2957 malum.
741 2916 826 2972 impos
844 2906 993 2970 peccatum
1017 2907 1099 2977 quid
1114 2907 1206 2981 positi·

130 2997 197 3035 eum
217 2996 281 3045 ease,
303 2979 451 3052 addisque,
473 2996 529 3035 non
552 2980 608 3034 nim
630 2979 709 3035 ratde
730 2979 889 3050 improprie
908 2979 969 3034 dici
984 2998 1088 3055 posse,
1113 3005 1166 3044 noa
1183 2987 1207 3041 ir

129 3059 227 3115 Deum
253 3077 395 3131 peeeore;
429 3064 459 3114 et
489 3057 667 3132 Appendicis
688 3058 775 3115 Parte
796 3057 819 3115 Ι.
840 3056 911 3130 Cap.
933 3059 962 3114 6.
983 3059 1072 3123 dicio.
1098 3066 1206 3123 Molem

130 3139 293 3195 absolutum
324 3139 434 3194 nullum
466 3139 544 3205 dori,
568 3146 597 3195 tet
614 3158 671 3212 per
690 3158 719 3195 oe
739 3147 777 3195 eoi
799 3138 1002 3210 rrtonifeatrtm:
1025 3142 1114 3201 Nom
1136 3148 1206 3221 quie·

130 3219 202 3293 quid
222 3220 324 3286 existit,
346 3221 376 3275 in
396 3237 425 3275 se
446 3220 664 3277 comitto-amm.
685 3222 746 3275 eine
765 3226 889 3292 respecto
901 3219 1039 3277 adalind
1049 3227 1206 3300 puidper·

126 3299 276 3371 sectionem
287 3299 417 3367 includit,
430 3317 493 3373 quie
503 3317 561 3355 sese
567 3317 677 3373 semper
683 3319 714 3355 eo
722 3318 809 3373 treptie
817 3302 845 3354 in
853 3316 1023 3373 qttocmtprte
1031 3320 1065 3357 re
1070 3307 1206 3373 ertendit,

127 3396 183 3451 quo
203 3396 232 3433 ee
251 3380 375 3435 extendit
395 3381 460 3453 ipso
482 3381 524 3435 rei
543 3381 671 3447 essentia,
692 3387 716 3435 ei
733 3386 889 3452 propterea
910 3380 1205 3458 eridentersequitur,

123 3460 397 3531 praestimonium
420 3459 492 3515 nihil
514 3461 571 3515 nisi
596 3460 834 3532 imperfectionem
856 3460 999 3523 denotent,
1012 3467 1205 3536 oonpoasein

127 3537 233 3610 aliquo,
255 3539 332 3611 quod
354 3540 500 3595 cosentiam
512 3541 658 3613 exprimit,
670 3542 828 3597 comittere.
854 3537 883 3596 Si
899 3543 1062 3612 peccatum,
1086 3545 1204 3613 malum,

129 3666 342 3679 ———

163 3730 174 3753 ⁴
206 3731 251 3775 Ex.
269 3732 339 3788 itelg.
358 3758 386 3764 --
403 3733 450 3778 Ed.
467 3735 520 3778 Pr.:
538 3737 681 3792 copnitione.

162 3794 187 3815 ⁸¹¹
204 3794 241 3838 (if.
262 3808 339 3851 supro
356 3807 413 3851 pag.
431 3794 483 3841 250.
502 3811 568 3848 ann.¹
