2662 4298
391 369 707 409 runoiomco-Pomrrcr
728 370 792 409 cer.
814 371 888 408 xv11.
1149 353 1206 412 145

133 540 401 615 Hierosolymorum
421 541 541 612 reliquo,
564 541 638 597 doro
659 541 754 613 rnopls
776 547 800 597 ct
815 541 909 597 orduo
921 559 1004 614 opere
1014 541 1047 597 ob
1057 542 1205 616 tacentum

131 622 223 696 petetis
254 627 280 678 et
306 622 501 693 pervicaciam
532 622 749 693 superstitionis,
783 640 868 696 pecora
902 622 979 695 quood
1008 623 1079 678 sotis
1100 623 1205 679 cirtam

132 701 251 758 obsessis
272 701 311 757 ool
333 701 498 757 tolerandos
518 702 693 758 necessitates
713 707 876 774 superesset.
893 700 1000 758 Verum
1015 700 1205 776 praeterhac,

133 799 257 855 quorum
279 778 431 838 aestimatio
453 780 552 838 asela
573 779 707 854 opinione
727 781 843 855 pendet,
866 779 942 838 aliud
964 781 994 838 in
1006 781 1060 839 hoc
1075 780 1204 856 imperio,

133 861 210 935 quod
234 859 435 918 solidissimum
457 865 509 931 est,
531 859 679 934 singulare
699 860 763 933 fuit,
786 880 841 935 quo
862 860 940 919 cives
951 860 1076 919 maxime
1087 860 1206 919 retineri

131 941 306 1010 debuerunt,
329 959 366 997 ne
387 941 422 997 de
443 940 603 998 defectione
624 939 795 1014 cogitarent,
819 946 848 998 et
869 960 905 998 ne
926 961 1052 1016 unquam
1064 941 1205 1000 desiderio

129 1024 304 1079 tenerentur
339 1021 503 1079 deserendae
538 1020 659 1095 patriae;
691 1020 825 1079 nimirum
857 1020 932 1079 ratio
963 1021 1105 1093 utilitatis,
1138 1041 1204 1097 quae

129 1101 261 1160 omnium
293 1101 484 1159 humanarum
516 1099 661 1159 actionum
693 1103 781 1159 robur
806 1106 836 1159 01
856 1102 918 1159 vita
939 1107 992 1159 001.
1014 1102 1111 1176 Atque
1132 1103 1203 1172 haec,

127 1181 260 1256 inquam,
295 1179 326 1238 in
357 1181 411 1238 hoc
442 1181 562 1256 imperio
594 1181 750 1255 singularis
781 1186 861 1239 erat:
895 1201 961 1238 narn
992 1181 1071 1239 cives
1102 1181 1204 1240 nullibi

127 1262 243 1337 majore
265 1261 330 1336 jure
351 1263 427 1319 bona
448 1281 501 1319 sua
521 1261 717 1336 possidebant,
740 1281 825 1337 quarn
847 1262 933 1336 hujus
953 1261 1066 1336 imperii
1086 1261 1203 1333 subditi,

128 1341 181 1417 qui
202 1360 268 1399 cum
288 1340 418 1416 principe
429 1342 569 1416 aequalem
579 1345 692 1417 partein
704 1347 847 1399 terrarum
859 1346 889 1399 et
900 1360 1035 1415 agrorum
1047 1342 1203 1412 habebant,

127 1427 161 1480 et
190 1420 387 1497 unusquisque
409 1441 469 1480 suae
490 1421 583 1496 partis
605 1426 732 1480 aeternus
753 1421 885 1480 dominus
905 1426 984 1493 erat;
1006 1441 1073 1480 nam
1095 1421 1204 1496 siquis

126 1505 306 1579 paupertate
350 1506 467 1560 coactus
508 1503 628 1560 fundum
671 1522 754 1560 suum
797 1503 843 1560 vel
885 1522 988 1576 agrum
1023 1502 1202 1572 vendiderat,

127 1583 312 1642 adventante
341 1581 456 1656 jubilaeo
482 1582 508 1640 ei
529 1583 564 1640 de
585 1582 700 1656 integro
721 1582 836 1641 restitui
857 1583 997 1654 debebat;
1019 1587 1048 1641 et
1069 1583 1105 1640 ad
1127 1584 1204 1640 hunc

126 1663 249 1721 modum
271 1661 327 1719 alia
347 1662 482 1721 instituta
503 1667 596 1733 erant,
618 1668 651 1720 ut
672 1682 755 1721 nemo
777 1683 794 1721 a
815 1662 882 1720 fixis
903 1662 963 1720 suis
987 1663 1070 1721 bonis
1084 1662 1204 1721 alienari

125 1748 241 1819 posset.
262 1741 374 1800 Deinde
393 1748 551 1818 paupertas
572 1743 672 1801 nullibi
693 1743 870 1801 tolerabilior
891 1763 953 1801 esse
974 1748 1098 1819 poterat,
1118 1763 1203 1818 quam

127 1823 182 1882 ubi
216 1821 344 1880 charitas
376 1843 447 1897 erga
477 1823 649 1898 proximum,
681 1824 736 1881 hoc
757 1827 802 1882 est
823 1843 894 1898 erga
914 1824 1069 1893 concivem,
1093 1843 1204 1882 summa

125 1903 243 1980 pietate
264 1901 318 1960 coli
339 1903 471 1976 debebat,
493 1909 526 1962 ut
547 1905 639 1963 Deum
661 1924 743 1962 suum
764 1905 873 1978 Regem
885 1903 1041 1979 propitium
1052 1904 1202 1962 haberent.

129 1982 255 2043 Civibus
274 1981 364 2057 igitur
385 1983 516 2042 Hebraeis
537 2003 595 2042 non
616 1984 672 2042 nisi
692 1984 723 2042 in
743 2003 796 2042 sua
810 1984 907 2059 patria
920 1986 1202 2059 beneessepoterat,

128 2068 221 2123 extra
241 2063 362 2120 eandem
383 2069 479 2122 autem
501 2064 636 2122 damnum
658 2063 815 2122 maximum
836 2068 865 2122 01
887 2065 1018 2122 dedecus.
1041 2064 1151 2121 Deinde
1166 2065 1202 2121 ad

128 2144 250 2204 eosdem
281 2163 339 2201 non
371 2148 485 2202 tantum
515 2144 545 2203 in
578 2144 674 2220 patrio
701 2144 761 2202 solo
786 2144 977 2212 retinendum,
1000 2144 1049 2201 sed
1071 2145 1107 2201 ad
1128 2144 1203 2201 bella

130 2223 224 2283 etiam
245 2223 342 2282 civilia
363 2224 521 2297 vitandum,
544 2229 574 2283 01
594 2245 697 2283 causas
717 2224 933 2283 contentionum
955 2224 1121 2292 tollendum,
1138 2224 1203 2281 haec

126 2303 262 2380 apprime
295 2305 511 2376 conducebant,
544 2325 646 2381 nempe
668 2306 744 2380 quod
765 2324 848 2362 nemo
870 2324 921 2362 suo
944 2304 1055 2379 aequali,
1077 2305 1128 2362 sed
1149 2303 1202 2361 soli

128 2387 195 2444 Deo
217 2384 371 2456 serviebat,
394 2390 423 2444 et
444 2385 520 2460 quod
541 2387 668 2444 011011100
690 2390 720 2443 01
739 2404 820 2443 amor
841 2404 912 2459 erga
930 2385 1078 2443 concivem
1092 2403 1203 2442 summa

127 2465 333 2524 aestimabatur
363 2465 474 2541 pietas,
507 2466 555 2540 qui
586 2486 644 2524 non
665 2485 768 2542 parum
789 2467 943 2524 fovebatur
964 2464 1107 2524 communi
1128 2463 1201 2535 0110,

127 2565 186 2621 quo
220 2545 348 2620 reliquas
377 2545 518 2617 nationes,
550 2551 580 2604 01
611 2547 655 2605 hae
677 2566 726 2605 000
747 2551 857 2616 contra,
878 2546 1034 2604 habebant.
1056 2546 1204 2603 Praeterea

128 2625 263 2702 apprime
271 2625 450 2684 conducebat
458 2626 914 2702 summaobedientiaedisciplina,
924 2647 981 2702 qua
990 2627 1203 2697 educabantur;

128 2706 207 2782 quod
242 2705 353 2764 scilicet
383 2706 479 2764 omnia
511 2727 548 2764 ex
580 2707 772 2766 determinato
803 2707 876 2782 legis
907 2707 1075 2783 praescripto
1108 2707 1204 2764 facere

128 2788 292 2846 debebant:
337 2805 395 2844 non
436 2786 512 2845 enim
555 2787 590 2845 ad
625 2788 737 2846 libitum
771 2808 854 2846 arare
885 2787 998 2859 licebat,
1031 2787 1081 2845 001
1117 2786 1203 2845 001110

127 2866 311 2942 temporibus
342 2870 372 2924 01
393 2867 485 2937 0111110,
507 2872 538 2925 01
560 2888 618 2925 non
639 2868 693 2926 nisi
716 2888 773 2926 uno
796 2867 951 2926 bestiarum
974 2887 1080 2942 genere
1102 2866 1203 2938 simul;

128 2947 171 3006 sio
204 2946 293 3005 etiam
314 2966 372 3004 non
392 2947 448 3005 nisi
468 2952 549 3006 certa
569 2948 683 3007 ratione
704 2952 839 3021 certoque
859 2952 989 3023 ternpore
1010 2947 1151 3006 seminare
1174 2950 1203 3004 01

128 3033 241 3086 metere
271 3026 385 3098 licebat,
414 3032 444 3086 et
478 3028 609 3087 absolute
640 3048 738 3086 eorum
770 3027 832 3085 vita
859 3028 1012 3085 continuus
1034 3026 1202 3086 obedientiae

130 3108 227 3167 cultus
249 3112 314 3165 erat
335 3109 404 3183 (qua
426 3108 513 3166 dere
534 3108 600 3166 vide
622 3108 690 3183 Gap.
710 3109 736 3166 5.
749 3107 920 3165 circausum
932 3106 1201 3178 Oaeremoniarum);

129 3208 220 3263 quare
254 3187 347 3245 eidem
369 3187 485 3246 omnino
507 3188 677 3247 assuefactis
698 3188 761 3263 ipsa
781 3208 839 3245 non
862 3186 984 3262 amplius
1005 3187 1131 3244 servitus
1152 3185 1202 3242 sed

128 3269 252 3327 libertas
272 3267 367 3325 videri
388 3268 494 3339 debuit,
516 3269 593 3327 unde
614 3268 697 3344 sequi
718 3268 805 3326 etiam
827 3266 933 3337 debuit,
946 3273 1073 3324 utnemo
1085 3270 1202 3340 negata,

129 3349 180 3407 sed
213 3348 353 3406 mandata
385 3354 511 3424 cuperet.
544 3349 590 3406 Ad
623 3349 697 3424 quod
720 3348 807 3406 etiam
828 3367 886 3406 non
907 3367 1009 3422 parurn
1031 3345 1203 3404 conduxisse

130 3429 256 3496 videtur,
291 3428 367 3503 quod
401 3429 488 3487 certis
519 3429 588 3487 anni
623 3429 800 3504 temporibus
825 3429 883 3486 0110
905 3432 934 3485 01
954 3427 1061 3487 laetitiae
1082 3445 1112 3484 se
1134 3426 1203 3482 dare

130 3511 317 3579 tenebantur,
340 3529 397 3567 non
419 3514 451 3567 ut
472 3509 576 3580 animo,
599 3511 649 3568 sed
670 3515 703 3567 ut
723 3510 784 3567 Deo
806 3508 948 3567 exanimo
960 3509 1201 3582 obtemperarent.

131 3590 187 3647 Ter
208 3590 240 3646 in
262 3608 339 3646 anno
360 3589 414 3647 Dei
435 3589 566 3648 convivae
588 3594 671 3648 erant
692 3589 770 3663 (vide
791 3590 876 3649 Deut.
899 3608 961 3663 cap.
989 3589 1065 3661 16.);
1080 3586 1202 3662 septimo

130 3669 303 3744 septimanae
345 3669 390 3727 die
434 3671 471 3727 ab
513 3670 590 3728 omni
622 3690 708 3745 opere
739 3689 860 3738 cessare,
893 3688 1011 3744 seseque
1044 3668 1102 3726 otio
1135 3668 1203 3724 dare

131 3750 293 3820 debebant;
327 3754 356 3807 et
387 3755 495 3826 praeter
526 3751 588 3808 haec
619 3750 675 3808 alia
696 3754 827 3825 tempora
848 3749 964 3824 signata
985 3753 1077 3818 erant,
1100 3746 1204 3823 quibus

129 3830 242 3888 laetitiae
276 3834 359 3887 actus
391 3830 505 3888 honesti
537 3835 567 3888 01
592 3830 725 3888 convivia
747 3850 804 3888 non
827 3829 941 3905 quidem
963 3829 1203 3894 concedebantur,

173 3927 213 3985 II.
1046 3928 1083 3984 10
