2662 4298
212 298 277 363 316Ι
613 322 752 361 rrrs‘rouu
773 323 877 361 xxx1v.

252 489 292 548 1⁰.
325 491 432 548 Veram
463 489 686 565 uniuscujusque
715 489 757 546 rei
778 488 976 547 definitionem
999 489 1084 548 nihil
1107 490 1197 564 aliud,
1217 511 1280 568 qum

212 571 255 629 rei
276 570 401 629 definitae
424 568 580 644 simplicem
601 573 737 626 naturam
757 569 911 627 includere.
945 569 985 626 Et
1010 570 1089 629 hine
1112 572 1249 647 sequitur,

252 648 309 708 11⁰.
341 649 457 708 Nullam
488 649 683 707 definitionem
716 649 840 724 aliquam
861 649 1103 721 multitudinem,
1127 653 1178 710 vel
1199 658 1285 712 cortun

214 730 339 805 aliquem
359 729 573 787 individuorum
594 749 754 798 numerum,
776 729 924 787 involvere
944 729 996 787 vel
1008 731 1208 806 exprimere;
1220 752 1285 809 quau·

213 809 363 884 doquidem
395 809 436 867 nil
468 809 554 878 aliud,
587 829 672 884 quam
704 809 746 867 rei
777 814 920 880 naturam,
952 816 1049 884 prout
1086 831 1127 869 ea
1149 813 1181 870 in
1203 833 1233 872 se
1250 819 1286 884 est

211 888 335 947 involvit
356 894 385 947 et
397 888 541 964 exprimit.
559 889 613 947 Ex.
626 909 669 964 gr.
683 888 818 947 Definitio
829 889 969 964 trianguli
982 890 1063 948 nihil
1077 892 1167 951 aliud
1178 892 1288 965 includit

213 989 299 1045 quam
330 969 486 1044 simplicem
517 973 651 1027 naturam
682 969 837 1044 trianguli3
869 975 900 1028 at
934 989 993 1027 non
1024 977 1152 1031 certum
1184 975 1289 1051 aliqueu

211 1049 422 1125 triangulorum
455 1069 621 1118 numerum;
656 1050 893 1125 quemadmodum
914 1049 1028 1108 Mentis
1051 1052 1209 1121 definitio,
1231 1055 1290 1131 qnod

212 1149 246 1188 ea
267 1130 305 1188 sit
325 1151 372 1188 res
394 1130 535 1205 cogitans
558 1131 604 1187 vel
626 1131 679 1188 Dei
701 1130 837 1200 definitio,
860 1129 935 1205 quod
956 1130 981 1187 is
995 1129 1038 1188 sit
1050 1132 1120 1191 Eris
1132 1135 1290 1208 perfectum.

211 1209 283 1268 nihil
315 1210 400 1281 aliud,
434 1230 520 1286 quam
555 1210 661 1268 Mentis
693 1215 722 1268 et
753 1210 806 1268 Dei
838 1214 973 1268 naturam
1005 1209 1156 1285 includit,
1191 1220 1223 1273 at
1247 1235 1292 1273 nor

211 1296 321 1349 certum
344 1291 483 1349 Montium
505 1290 552 1348 vel
572 1291 697 1349 Deorum
719 1310 878 1349 numerum.

251 1371 322 1432 111⁰.
353 1370 587 1446 Uniuscujusque
625 1371 667 1428 rei
698 1370 853 1428 existentis
884 1390 1001 1428 oausam
1037 1372 1221 1448 positivam,
1251 1395 1292 1452 per

212 1471 300 1527 quam
321 1451 428 1522 exist't,
450 1450 612 1509 necessario
634 1450 697 1508 dari
718 1452 830 1510 debere.

253 1530 312 1588 1v⁰
343 1533 427 1589 Hanc
448 1551 564 1589 oausam
585 1531 631 1588 vel
653 1531 684 1588 in
705 1536 818 1599 natura,
841 1529 920 1589 etin
941 1529 1037 1604 ipsius
1058 1532 1107 1590 rei
1129 1535 1293 1594 definitione

213 1611 291 1684 (quia
322 1612 431 1669 scilicet
462 1611 499 1669 ad
530 1611 620 1686 ipsius
651 1616 785 1669 naturam
817 1611 972 1669 existentia
991 1611 1143 1686 pertinet,
1168 1617 1219 1674 vel
1240 1636 1292 1675 eam

212 1691 374 1749 necessario
395 1691 527 1765 includit)
549 1692 596 1749 vel
617 1696 702 1749 extra
722 1711 783 1749 rem
804 1691 965 1766 ponendam
987 1710 1063 1749 esse.

250 1771 295 1828 Ex
316 1771 362 1828 his
381 1771 599 1846 praesuppositis
620 1771 760 1847 sequitur,
774 1773 858 1847 quod,
871 1771 895 1829 si
906 1771 935 1829 in
946 1770 1064 1829 Natura
1075 1779 1185 1834 certus
1198 1766 1295 1852 aliquis

210 1849 422 1911 individuorum
444 1871 580 1910 numerus
601 1852 715 1922 existat,
738 1872 796 1910 una
816 1853 952 1928 pluresve
961 1870 1059 1910 causae
1077 1854 1149 1912 dari
1162 1857 1292 1927 debeant,

211 1950 275 2006 quae
305 1931 384 1990 illum
414 1933 501 2008 juste,
532 1952 590 1990 nex
621 1933 758 2008 majorem
790 1952 843 1991 neo
876 1931 1024 2000 minorem,
1066 1933 1292 1996 Individuorum

211 2031 361 2071 numerum
392 2014 550 2088 producere
581 2017 747 2087 potuerunt.
780 2012 818 2083 Si,
851 2012 974 2087 exempli
999 2012 1110 2086 gratia,
1143 2015 1179 2074 in
1203 2038 1292 2076 rerum

210 2091 323 2151 Natura
343 2092 448 2167 viginti
469 2092 599 2151 homiues
619 2092 747 2150 existant
759 2094 850 2168 (quos,
863 2093 955 2150 omnis
965 2093 1152 2153 confusionis
1166 2097 1292 2157 vitanda

213 2191 308 2238 causa,
341 2173 433 2244 simul,
466 2193 500 2231 ao
531 2173 639 2248 primos
658 2173 688 2230 in
710 2173 822 2231 Natura
843 2193 905 2231 esse
927 2176 1113 2247 supponam),
1138 2197 1205 2235 non
1228 2179 1292 2237 satis

212 2258 265 2324 est,
288 2274 403 2312 oausam
425 2254 559 2312 humanae
582 2258 693 2312 naturae
716 2253 745 2310 in
768 2253 1071 2328 genereinvestigare,
1089 2258 1291 2329 utrationem,

213 2353 264 2392 our
297 2334 399 2409 viginti
430 2334 567 2404 existant,
600 2334 768 2404 reddamus3
802 2335 852 2392 sed
874 2333 960 2391 etiam
982 2333 1056 2390 ratio
1078 2333 1292 2414 investiganda

212 2418 264 2483 est,
287 2435 337 2472 our
358 2435 411 2472 nec
427 2416 532 2489 plureS,
544 2434 597 2472 neo
607 2414 766 2489 pauciores
780 2434 866 2490 quam
877 2413 983 2488 viginti
993 2413 1130 2473 homines
1141 2418 1290 2478 existant:

212 2492 285 2550 Nam
317 2495 410 2569 (juxta
441 2495 556 2552 tertiam
589 2495 776 2570 hypothesin)
809 2496 844 2552 de
876 2493 977 2569 quovis
1008 2493 1128 2553 homine
1161 2499 1292 2558 ratioet

212 2592 307 2644 causa,
340 2595 391 2632 cur
418 2575 534 2647 existat,
557 2575 702 2633 reddenda
723 2580 775 2634 est.
808 2576 849 2633 At
870 2576 934 2633 haec
954 2593 1042 2631 causa
1064 2575 1166 2649 (juxta
1190 2599 1291 2638 secun·

214 2652 278 2710 darn
310 2659 340 2711 et
370 2656 485 2713 tertiam
517 2655 704 2730 hypothesin)
736 2656 837 2731 nequit
868 2656 898 2712 in
919 2654 1009 2729 ipsius
1030 2655 1161 2715 hominis
1185 2666 1292 2719 natura

213 2733 370 2793 contineri:
394 2756 464 2794 vera
485 2736 561 2793 enirn
580 2735 704 2793 hominis
716 2736 843 2793 definitio
855 2754 1005 2794 numerum
1017 2734 1126 2809 viginti
1139 2739 1291 2800 hominum

214 2833 272 2871 non
292 2815 423 2875 involvit.
456 2817 582 2891 Ideoque
597 2816 693 2891 (juxta
707 2822 839 2890 quartam
850 2814 1047 2891 hypothesin),
1060 2835 1153 2874 causa
1164 2820 1291 2880 existen·

213 2894 262 2952 tiae
294 2897 396 2954 horum
427 2897 533 2971 viginti
565 2895 721 2967 hominum,
754 2901 784 2954 et
815 2900 1024 2971 consequenter
1055 2895 1291 2977 uniuscujusque

212 2975 369 3049 sigillatim,
392 2982 477 3035 extra
498 2997 547 3035 eos
568 2976 630 3034 dari
652 2977 744 3034 debet.
776 2977 901 3034 Proinde
913 2976 1042 3034 absolute
1053 2977 1291 3040 concludendum

212 3060 264 3125 est,
297 3077 331 3114 ea
362 3057 466 3128 omnia,
493 3077 557 3132 quoe
586 3057 787 3132 concipiuntur
814 3077 932 3114 numero
954 3055 1125 3130 multiplicia
1149 3059 1291 3130 existere,

212 3137 373 3195 necessario
395 3140 431 3195 ab
452 3137 581 3196 externis
602 3137 704 3206 causis
727 3157 786 3195 non
807 3157 876 3195 vero
896 3135 1021 3213 propriae
1043 3156 1103 3195 suae
1124 3145 1248 3201 naturae
1263 3142 1291 3200 vi

211 3217 339 3290 produci.
363 3218 504 3287 Quoniam
515 3238 585 3276 vero
597 3218 765 3288 (secundum
776 3218 963 3293 hypothesin)
976 3217 1140 3274 necessaria
1153 3221 1290 3282 existen-

211 3295 253 3352 tia
284 3298 320 3354 ad
352 3297 405 3356 Dei
436 3299 575 3357 Naturam
607 3298 742 3374 pertinet,
765 3299 827 3373 ejus
847 3318 917 3356 vera
938 3296 1066 3355 definitio
1087 3303 1291 3361 necessariam

211 3395 323 3451 quoque
355 3378 539 3437 existentiam
571 3384 603 3437 ut
634 3378 771 3449 includat,
804 3398 953 3436 necessum
985 3382 1041 3435 est:
1075 3382 1105 3434 et
1126 3387 1293 3456 propterea

211 3474 248 3512 ex
279 3476 350 3516 vera
371 3460 433 3534 ejus
454 3459 619 3518 definitione
640 3458 804 3517 necessaria
824 3459 886 3534 ejus
907 3457 1063 3516 existentia
1084 3460 1293 3523 concludenda

211 3540 263 3594 est.
297 3537 338 3594 At
369 3559 406 3596 ex
438 3559 508 3598 vera
536 3541 598 3616 ejus
623 3539 788 3597 definitione
814 3541 859 3610 (ut
877 3540 936 3615 jam
957 3543 1025 3596 ante
1047 3557 1082 3595 ex
1103 3544 1238 3601 secunda
1262 3551 1292 3603 et

212 3615 299 3675 tertia
333 3619 487 3693 hypothesi
522 3619 729 3693 demonstravi)
764 3619 928 3677 necessaria
961 3619 1116 3676 multorum
1152 3620 1290 3684 Deorum

212 3696 366 3756 existentia
388 3720 445 3757 non
466 3705 562 3774 potest
583 3700 722 3758 concludi.
755 3699 891 3775 Sequitur
911 3719 981 3774 ergo
1003 3697 1079 3757 unici
1100 3699 1156 3757 Dei
1177 3705 1289 3765 solum·

211 3778 294 3837 modo
316 3779 478 3838 existentia.
501 3780 534 3850 Q.
556 3782 589 3839 E.
615 3783 647 3838 D.
