2662 4298
124 345 180 403 146
573 359 742 400 ranorarus

121 534 171 592 sed
204 531 426 589 mandabantur.
459 528 518 586 Nec
549 532 629 603 puto,
661 528 737 603 quod
766 527 873 603 aliquid
904 528 960 587 hoo
991 528 1141 588 efficacius
1159 529 1191 587 ad

122 611 269 672 hominum
303 609 414 668 animos
445 608 603 666 flectendos
633 608 794 683 excogitari
824 612 937 684 potest3
969 628 1040 667 nam
1065 609 1146 668 nulla
1163 628 1192 668 re

123 692 216 768 magis
247 690 402 766 capiuntur
432 688 529 758 animi,
560 708 646 763 quam
677 688 788 760 laetitia,
809 708 874 764 quae
895 708 934 747 ex
955 689 1122 762 devotione,
1142 690 1192 748 hoc

122 780 167 832 est
198 792 236 830 cx
267 789 364 828 amore
389 774 418 828 et
439 768 630 827 admiratione
651 768 744 841 simul,
766 769 868 828 oritur.
889 768 952 828 Nec
971 769 1060 828 facile
1079 769 1190 829 fastidio

122 872 219 912 rerum
262 850 435 909 usitatarum
477 849 542 924 oapi
575 854 720 924 poterant,
755 869 821 908 nam
853 849 950 908 cultus
979 849 1085 909 diebus
1115 848 1192 909 festis

123 932 286 991 destinatus
316 950 401 989 rarus
433 933 462 988 et
493 928 592 987 varius
623 935 694 988 erat.
727 929 781 988 His
812 929 935 988 accessit
962 949 1078 989 summa
1098 930 1192 1006 templi

123 1012 297 1081 reverentia,
319 1029 404 1085 quam
425 1014 545 1085 propter
556 1009 743 1084 singularem
764 1010 827 1085 ejus
847 1010 967 1081 cultum,
989 1015 1021 1068 et
1042 1030 1101 1081 res,
1126 1030 1192 1088 quas

123 1096 298 1152 tenebantur
319 1093 475 1149 observare
496 1094 650 1164 antequam
666 1089 751 1149 alicui
761 1110 796 1149 eo
807 1089 850 1148 ire
858 1089 969 1160 liceret,
980 1090 1192 1167 religiosissimo

123 1193 236 1249 semper
267 1176 473 1241 servaverunt3
507 1175 594 1244 atque
626 1171 698 1230 adeo
729 1175 762 1229 ut
782 1169 915 1229 hodierni
935 1170 1034 1229 adhuc
1055 1191 1114 1230 uon
1134 1171 1191 1230 sine

123 1274 229 1329 magno
260 1255 380 1311 horrore
410 1251 480 1309 illud
512 1252 655 1310 Manassae
687 1250 830 1326 flagitium
850 1251 961 1326 legant,
984 1252 1064 1326 quod
1088 1250 1193 1313 scilicet

123 1335 230 1394 idolum
260 1334 290 1391 in
320 1333 382 1407 ipso
415 1331 522 1406 templo
553 1350 660 1406 ponere
692 1331 870 1389 sustinuerit.
893 1331 975 1406 Erga
995 1331 1079 1407 lagos
1099 1332 1190 1401 stiam

125 1435 189 1490 quae
212 1415 241 1471 in
262 1413 363 1471 intimo
385 1411 511 1469 sacrario
532 1411 746 1485 religiosissime
767 1410 1015 1483 custodiebantur,
1031 1432 1092 1471 non
1105 1413 1193 1470 minor

125 1501 188 1553 erat
208 1494 313 1569 populo
335 1491 508 1550 reverentia.
531 1492 627 1560 Quare
647 1491 745 1567 populi
766 1511 897 1551 rumores
917 1496 948 1550 et
968 1492 1141 1567 praejudicia
1150 1491 1193 1551 hio

124 1574 240 1632 minimo
272 1572 399 1630 timenda
431 1576 531 1630 erant:
565 1591 648 1629 nemo
670 1572 745 1630 enim
767 1572 802 1630 de
823 1574 910 1645 rebus
930 1571 1041 1631 divinis
1058 1572 1191 1648 judicium

124 1656 200 1713 ferro
233 1654 358 1712 audebat
369 1655 394 1723 *,
427 1652 477 1710 sed
510 1652 546 1709 ad
578 1652 682 1722 omnia,
716 1652 781 1728 quae'
813 1651 883 1727 ipsis
914 1651 1137 1728 imperabantur
1159 1672 1192 1711 ex

126 1732 303 1793 authoritate
335 1731 425 1790 divini
453 1732 584 1807 responsi
610 1732 640 1790 in
661 1733 768 1807 templo
790 1731 910 1807 accepti,
933 1733 981 1790 vel
1001 1732 1077 1808 legis
1097 1753 1117 1792 a
1136 1734 1192 1791 Deo

125 1814 256 1883 conditae,
279 1813 340 1871 sine
361 1813 421 1870 ulla
440 1812 574 1870 Rationis
595 1812 806 1871 consultatione
827 1815 1030 1888 obtemporare
1044 1814 1192 1872 debebant.

168 1896 266 1970 Atque
277 1893 322 1951 his
334 1913 379 1951 me
390 1912 529 1951 summum
540 1892 681 1951 rationem
692 1893 779 1968 hujus
789 1892 910 1968 imperii,
919 1892 1121 1957 otsibreviter.
1128 1892 1193 1952 sabe

127 1980 225 2033 tamen
246 1975 323 2032 clare
341 1972 508 2048 exposuisse
526 1977 605 2048 puto.
621 1973 759 2049 Superest
768 1974 836 2048 jam,
848 1978 881 2032 ut
891 1992 995 2031 causas
1006 1973 1097 2032 etiam
1107 1971 1193 2050 inqui·

127 2076 233 2125 ramus,
258 2074 347 2130 quare
366 2055 475 2112 factum
500 2052 546 2123 sit,
569 2059 602 2112 ut
617 2052 735 2112 Hebraei
745 2053 832 2112 toties
843 2076 860 2111 a
871 2054 950 2127 Lege
961 2053 1136 2126 defecerint3
1147 2072 1193 2112 cur

125 2137 212 2196 toties
223 2135 335 2194 subacti
348 2134 456 2193 fuerint
464 2157 469 2203 ;
477 2139 506 2191 et
514 2153 565 2191 cur
574 2135 689 2192 tandem
698 2134 848 2210 imperium
856 2133 973 2192 omnino
981 2134 1094 2193 vastari
1100 2139 1192 2210 potue-

126 2217 173 2276 rit.
195 2219 236 2275 At
257 2217 355 2274 forsan
377 2216 424 2273 hic
445 2213 548 2289 aliquis
569 2215 653 2284 dicet,
676 2214 704 2271 id
722 2214 852 2272 evenisse
864 2233 901 2271 ex
913 2213 1192 2288 gentiscotumacia;

126 2319 227 2356 verum
240 2299 294 2355 hoc
305 2297 414 2372 puerile
426 2301 479 2365 est,
489 2315 555 2353 nam
567 2315 619 2353 our
629 2294 778 2353 haecnatio
786 2294 904 2370 reliquis
912 2295 1112 2354 contumacior
1123 2293 1193 2353 fuit?

127 2399 164 2436 an
185 2379 315 2436 Natura?
338 2378 401 2434 haec
422 2396 492 2433 sane
506 2375 640 2433 notiones
651 2396 706 2433 non
721 2380 808 2446 creat,
822 2375 871 2432 sed
883 2373 1044 2445 individua,
1057 2395 1124 2451 quae
1135 2374 1192 2450 qui·

127 2460 190 2516 dem
201 2458 232 2516 in
243 2457 375 2514 nationes
386 2476 442 2513 non
452 2456 671 2530 distinguuntur
679 2455 734 2513 nisi
743 2476 777 2513 ex
789 2453 958 2513 diversitate
965 2455 1084 2529 linguae,
1092 2456 1192 2530 legum,

127 2543 156 2595 et
188 2557 298 2595 morum
328 2540 524 2611 receptorum3
558 2540 587 2594 et
618 2556 653 2594 ex
684 2535 729 2593 his
760 2537 879 2605 duobus,
904 2535 1018 2609 legibus
1039 2535 1150 2594 scilicet
1167 2538 1193 2592 et

126 2616 262 2685 moribus,
292 2620 405 2674 tantum
428 2615 498 2673 oriri
520 2622 624 2691 potest,
647 2616 721 2691 quod
743 2635 925 2691 unaquaeque
946 2615 1027 2673 natio
1048 2615 1192 2690 singulare

127 2698 233 2755 habeat
254 2695 412 2770 ingenium,
435 2695 611 2770 singularem
632 2696 832 2766 conditionem,
856 2700 885 2753 et
899 2695 1023 2770 denique
1037 2693 1193 2771 singularia

126 2776 303 2852 praejudicia.
338 2775 366 2834 Si
398 2775 487 2850 igitur
519 2777 731 2835 concedendum
763 2781 848 2846 esset,
871 2776 946 2850 quod
968 2776 1090 2834 Hebraei
1112 2794 1193 2851 supra

127 2856 251 2932 reliquos
273 2856 411 2914 mortales
432 2861 615 2914 contumaces
635 2857 752 2927 fuerint,
774 2857 802 2915 id
824 2856 894 2914 vitio
916 2856 1013 2929 legum
1035 2857 1084 2914 vel
1104 2874 1193 2930 recep·

126 2943 221 2996 torum
249 2956 361 2995 morum
382 2936 518 3012 imputari
541 2938 665 2995 deberet.
688 2938 726 2994 Et
747 2957 816 2995 sane
837 2938 892 2994 hoc
913 2955 1013 2994 verum
1035 2941 1091 3009 ost,
1113 2934 1192 3011 quod,

129 3019 153 3075 si
186 3019 264 3076 Deus
296 3037 393 3075 eorum
428 3017 579 3092 imperium
611 3018 791 3076 constantius
822 3016 969 3086 voluisset,
1001 3016 1088 3075 aliter
1113 3015 1194 3074 etiam

125 3099 192 3173 jura
225 3103 253 3156 et
287 3098 367 3172 leges
396 3098 577 3165 condidisset,
603 3097 745 3173 aliamque
766 3098 907 3156 rationem
928 3095 957 3154 id
978 3093 1194 3155 administrandi

130 3178 320 3248 instituisset;
343 3198 431 3252 quare
453 3178 521 3254 quid
543 3178 620 3236 aliud
642 3178 735 3236 dicere
756 3197 917 3253 possumus,
938 3175 994 3234 nisi
1015 3178 1093 3252 quod
1107 3178 1193 3235 Deum

131 3278 212 3317 suum
246 3258 351 3317 iratum
373 3258 536 3325 habuerint,
558 3279 617 3316 non
638 3263 760 3328 tantunr,
783 3264 815 3316 ut
836 3257 979 3316 deremias
999 3277 1063 3333 cap.
1085 3259 1134 3317 32.
1156 3275 1194 3314 vs.

129 3340 177 3397 31.
210 3338 259 3408 uit,
293 3341 329 3396 ab
360 3341 431 3397 urbe
462 3339 587 3409 condita,
620 3340 670 3396 sed
699 3339 759 3414 jam
791 3339 858 3396 inde
890 3358 907 3395 a
931 3337 1044 3411 legibus
1066 3336 1193 3396 conditis.

131 3419 214 3488 Quod
246 3419 378 3477 Ezechiel
410 3439 471 3494 cap.
498 3421 545 3477 20.
567 3439 610 3478 vs.
634 3421 680 3476 25.
703 3419 789 3477 etiam
811 3423 945 3489 testatur,
967 3417 1117 3492 inquiens:
1144 3419 1194 3492 Epo

128 3502 212 3557 cllum
234 3501 299 3557 doru
322 3502 392 3574 ipsis
412 3507 520 3557 statuto
542 3519 598 3557 uon
620 3501 702 3565 bono,
725 3507 749 3557 et
764 3503 840 3574 juro
863 3500 965 3575 qrctbus
986 3518 1044 3556 aon
1066 3502 1193 3565 uiuerent,

128 3599 157 3637 eo
199 3581 274 3651 qeaeod
305 3582 453 3654 *irrrpreroui
485 3583 559 3655 ipsos
590 3581 756 3638 aretaem'bua
786 3583 856 3651 sum,
889 3581 1057 3638 remittendo
1090 3596 1195 3638 ortuum

160 3835 170 3854 ‘
187 3836 231 3881 Ed.
250 3837 304 3881 Pa:
323 3837 402 3881 rcrcdet.
