2662 4298
589 359 727 399 crissoni
747 360 814 400 XLV.

414 592 416 598 ·
468 570 684 629 Errsronn
704 571 784 628 XLV
804 571 888 644 (orm
904 575 964 648 m).

484 722 597 780 Illustri
617 730 642 779 et
654 796 656 801 Ι
667 723 830 781 Clarissimo
860 724 939 783 Viro

637 865 670 922 B.
692 883 720 922 n.
742 864 770 923 S.

352 1013 702 1072 GOTTFREDUS
739 1015 1089 1081 LEIBNITIUS.

294 1157 333 1202 Ex
351 1157 520 1215 autographo,
537 1157 605 1215 quod
622 1157 689 1216 apud
706 1157 844 1203 Ecclesiam
861 1159 1154 1222 Teleiobaptistarum

501 1219 763 1265 Amstelodamensem
788 1222 916 1268 servetur.

296 1347 422 1404 Illustris
442 1353 467 1403 et
488 1345 672 1421 Amplissime
695 1349 711 1381 *
737 1346 797 1416 Vir,

220 1489 301 1547 Inter
338 1493 460 1546 caeteras
497 1489 597 1547 laudes
634 1489 711 1546 Tuas
745 1507 817 1562 quas
846 1488 928 1547 fama
962 1494 1153 1569 publicavit,
1183 1497 1246 1556 em

177 1569 320 1643 insignem
353 1570 395 1626 rei
427 1568 538 1645 Opticae
565 1567 698 1644 peritiam
725 1587 788 1626 esse
813 1568 959 1644 intelligo.
995 1573 1078 1643 Quae
1103 1597 1154 1636 res
1173 1575 1245 1647 efficit

179 1653 212 1707 ut
242 1649 467 1723 qualemcunque
498 1653 632 1707 conatum
662 1668 756 1707 meum
787 1649 824 1706 ad
851 1649 892 1706 Te
922 1651 1091 1715 destinare
1120 1656 1245 1728 voluerim,

180 1748 235 1803 quo
263 1728 408 1785 meliorem
435 1729 465 1786 in
493 1730 547 1787 hoc
574 1728 732 1788 studiorum
761 1747 865 1802 genere
885 1749 1055 1794 censorem
1078 1758 1142 1796 non
1163 1743 1247 1797 temen

179 1827 322 1883 reperero,
354 1808 525 1867 Schedulam
556 1810 631 1867 hanc
662 1829 747 1884 quarn
778 1808 870 1877 mitto,
902 1829 940 1868 ac
970 1814 1133 1876 Notitiam
1165 1819 1247 1895 opta

173 1897 317 1964 promotor
345 1888 486 1964 inscripsi,
514 1889 577 1947 ideo
605 1889 757 1963 publicavi,
785 1893 818 1947 ul
838 1891 1031 1953 commodius
1053 1917 1174 1972 possem
1193 1917 1246 1957 con

177 1968 324 2027 municare
362 1988 426 2027 cum
463 1969 561 2027 amicis
599 1975 650 2027 aut
680 1969 808 2028 curiosis.
839 1968 937 2028 Audio
971 1977 1006 2031 et
1042 1978 1247 2054 Amplissimm

178 2049 362 2107 Huddenium
389 2051 420 2085 **
451 2049 481 2107 in
509 2050 606 2107 eodem
644 2069 749 2124 genere
780 2051 891 2120 florere,
912 2070 971 2109 nco
994 2054 1112 2117 dubito
1135 2059 1197 2119 Tibi
1213 2078 1247 2117 oo

178 2129 369 2204 gnitissimum
401 2149 472 2187 esse.
496 2130 579 2188 Unde
600 2129 623 2187 si
652 2131 737 2205 hujus
762 2149 876 2204 quoque
898 2129 1055 2203 judicium
1084 2143 1117 2197 et
1138 2141 1248 2199 favorem

177 2210 247 2266 mihi
268 2210 477 2284 impetraveris
500 2210 667 2268 beneficium
689 2211 807 2267 mirifice
828 2209 956 2269 auxeris,

219 2290 361 2348 Schedula
382 2290 453 2365 ipsa,
476 2290 544 2364 quid
566 2290 607 2348 rei
629 2291 675 2359 sit,
697 2291 768 2348 satis
789 2289 923 2364 explicat.

218 2370 309 2428 Credo
331 2371 367 2428 ad
388 2391 491 2429 manus
512 2377 578 2428 tuas
598 2371 763 2446 pervenisse
784 2370 977 2429 Prodromum
1001 2375 1167 2438 Francisci
1181 2381 1250 2437 Laus

178 2451 240 2507 Soc.
281 2453 340 2507 les.
381 2451 481 2508 ltalice
521 2451 667 2525 scriptum,
703 2450 752 2508 ubi
783 2448 931 2524 Dioptrica
964 2472 1095 2531 quoque
1128 2459 1252 2518 nonnulla

177 2530 303 2604 insignia
333 2531 483 2605 proponit,
515 2532 564 2588 sed
586 2536 615 2588 et
636 2532 702 2588 Joh.
726 2530 820 2588 Ollius
840 2529 998 2590 Helvetios
1017 2536 1152 2610 juvenis
1173 2541 1201 2598 in
1219 2539 1252 2596 his

177 2612 262 2667 rebus
290 2611 482 2683 pereruditus
513 2611 672 2685 publicavit
699 2610 895 2684 Cogitationes
918 2610 1253 2686 Physico—Mechanices

177 2691 212 2746 de
243 2689 371 2760 Visionc,
404 2690 434 2746 in
466 2691 569 2764 quibus
600 2691 704 2766 partim
735 2690 897 2748 machinam
929 2695 1090 2765 quandam
1126 2699 1253 2776 poliendis

178 2768 269 2826 omnis
295 2769 409 2841 generis
432 2770 516 2827 vitris
537 2771 691 2846 simplicem
715 2771 866 2828 admodum
887 2775 917 2827 et
937 2773 1162 2852 universalem,
1184 2779 1252 2856 polli-

178 2853 266 2916 cetur,
288 2851 394 2923 partim
415 2850 456 2907 ait
477 2870 507 2908 se
528 2851 668 2926 reperisse
689 2852 802 2909 modum
824 2850 967 2924 quendam
983 2855 1156 2932 colligendi
1172 2878 1254 2920 omnes

177 2929 272 2988 radios
303 2933 339 2986 ab
371 2932 500 2989 carnibus
527 2931 632 3006 objecti
658 2931 773 3007 punctis
800 2930 958 3001 venientes
990 2932 1023 2991 in
1055 2940 1188 2999 totidem
1208 2940 1253 2998 alia

177 3014 284 3086 puncta
313 3010 525 3085 respondentia.
556 3012 610 3069 Sed
639 3016 752 3068 tantum
774 3011 803 3068 in
826 3015 904 3068 certa
925 3010 1085 3089 distantia,
1111 3022 1253 3096 figuraque

179 3089 291 3165 objecti.

218 3171 363 3229 Caeterum
393 3171 420 3228 id
449 3173 522 3246 quod
553 3192 570 3229 a
597 3193 642 3229 me
671 3171 847 3246 propositum
876 3174 928 3241 est,
950 3171 1010 3230 huc
1031 3179 1128 3250 redit,
1151 3201 1211 3239 non
1229 3184 1255 3238 ut

178 3271 276 3308 omnes
320 3251 445 3309 onmium
481 3257 651 3327 punctorum
686 3251 760 3309 radii
793 3250 1008 3325 recolligantur,
1045 3255 1078 3313 id
1119 3261 1199 3319 enim
1230 3260 1254 3317 in

178 3331 305 3406 qualibet
330 3332 434 3405 objecti
456 3332 594 3390 distantia
608 3337 658 3390 aut
672 3334 774 3406 figura,
790 3336 928 3406 quantum
942 3332 1093 3394 hactonus
1109 3342 1254 3416 cognitum

177 3411 223 3478 sit,
252 3412 431 3486 impossibile
459 3418 518 3482 est3
548 3414 597 3470 sed
625 3417 658 3470 ut
685 3431 765 3486 ecque
786 3411 959 3486 colligantur
978 3414 1056 3472 radii
1077 3427 1254 3493 punctorum

178 3496 262 3548 extra
295 3512 382 3550 axem
414 3494 548 3568 opticum,
577 3514 610 3551 ac
639 3493 668 3550 in
696 3513 750 3550 axe
778 3492 881 3567 optim,
903 3512 937 3549 ac
957 3492 1084 3567 proinde
1109 3507 1255 3575 apertura

211 3695 283 3742 *Ed
302 3698 356 3741 Pr.:
377 3698 527 3742 Clarissimo.

180 3757 392 3879 GfsspJodii'imem
410 3760 509 3816 Hudde,
527 3773 585 3803 mox
606 3760 681 3817 paulo
699 3759 769 3804 urbis
781 3757 967 3803 Amstelodami
983 3762 1123 3809 consulem
1137 3766 1253 3813 futurum
