2662 4298
126 333 184 389 374
560 352 698 390 amarum
722 353 772 393 nv.

125 540 190 579 eum
221 520 334 577 modum
367 539 423 594 quo
455 524 560 576 ventus
591 524 678 594 atque
706 530 756 578 aer
778 521 931 596 regiones
953 529 1132 601 montesque,
1149 527 1189 585 sine

124 599 258 658 manibus
279 600 380 658 aliisve
400 598 609 671 instrumentis,
631 601 782 658 destruere
804 621 864 660 nec
889 623 956 662 non
968 610 1189 682 everterepotest

126 681 201 756 quod
209 685 306 737 tamen
318 679 481 737 hominibus
492 683 601 754 absque
610 680 742 738 manibus
752 683 977 759 machinisque
984 685 1188 762 estimpossibile

126 761 155 818 Si
176 760 378 818 necessitatem
398 761 460 817 Deo
475 760 587 830 tribuis,
600 780 720 835 eumque
732 761 896 821 voluntate
909 770 967 823 aut
977 765 1076 824 libera
1084 767 1189 826 electione

125 841 232 916 privas,
255 840 380 898 dubitari
401 845 508 914 posset,
530 859 636 898 numne
657 859 731 911 eum,
753 841 805 915 qui
826 843 896 902 Ens
919 844 1045 904 infinite
1063 848 1187 922 perlectuu

125 925 178 988 est,
210 920 303 978 instar
332 920 455 978 monstri
485 920 625 995 depingas
658 924 688 978 et
718 921 874 981 exhibeas.
914 926 960 983 Ut
982 931 1071 985 tuum
1092 928 1188 1002 attingo

59 1034 66 1049 ι
125 1020 251 1075 scopum,
273 999 345 1070 aliis,
368 1001 404 1058 ad
423 999 587 1074 jaciendum
608 1005 689 1057 tuum
710 1001 958 1076 fundamentum,
975 1026 1056 1082 opus
1071 1008 1188 1066 eritraiie

124 1081 218 1150 uibus,
241 1080 318 1155 quia,
339 1100 402 1137 meo
422 1080 538 1156 judicio,
560 1080 590 1138 in
611 1080 707 1138 allatis
727 1081 802 1138 nihil
821 1083 995 1144 soliditatis
1007 1088 1188 1163 reperitur3et

125 1161 148 1218 si
171 1181 220 1218 eas
240 1163 353 1235 probes,
376 1160 441 1218 aliae
463 1161 558 1218 adhuc
579 1165 742 1235 supersunt,
765 1181 833 1236 quae
855 1164 943 1223 forte
966 1172 1092 1226 tuarum
1108 1170 1189 1244 pondu

126 1243 291 1315 aequabunt.
315 1241 369 1298 Sed
392 1240 437 1298 his
458 1241 552 1298 missis
573 1260 737 1315 pergamus.
945 1250 950 1254 ’

166 1322 307 1389 Postulas,
340 1322 376 1378 ad
397 1322 575 1395 probandum
598 1320 722 1395 Spiritus
742 1320 773 1378 in
794 1324 911 1382 mundo
936 1346 1017 1399 esse,
1043 1330 1189 1388 demonstra·

125 1402 202 1458 tivas
232 1401 425 1476 probationes,
448 1421 511 1475 quau
533 1401 618 1458 valde
639 1420 738 1475 paucae
760 1401 791 1458 in
813 1405 932 1462 mundo
955 1413 1042 1478 sunt,
1066 1411 1189 1486 nulaeque,

125 1487 233 1556 praeter
259 1481 490 1551 Mathematicus,
512 1482 584 1538 adeo
605 1486 701 1550 certae,
723 1500 758 1538 ac
779 1482 902 1556 quidem
928 1493 1086 1562 optamus,
1106 1490 1190 1548 inveni·

125 1567 228 1619 untur:
251 1562 355 1636 quippe
376 1561 573 1636 probabilibus
594 1565 627 1618 ut
648 1566 677 1618 et
688 1561 908 1622 verosimilibus
921 1568 1110 1643 conjecturis
1120 1589 1191 1629 sunus

125 1642 262 1699 contenti.
279 1642 308 1698 Si
318 1641 454 1710 rationes,
467 1641 571 1716 quibus
581 1661 628 1698 res
637 1643 806 1716 probantur,
819 1653 926 1702 essent
935 1648 1190 1719 demonstratione,

125 1721 239 1778 nonnisi
261 1721 342 1778 stulti
365 1727 394 1780 et
415 1722 580 1797 pervicaces
600 1721 809 1792 invenirentur,
833 1724 885 1798 qui
903 1725 951 1784 eis
966 1731 1191 1790 contradicerent

126 1801 243 1869 Verum,
265 1801 375 1858 Dilecta
395 1802 504 1870 Amice,
527 1821 584 1859 non
606 1802 676 1859 adeo
698 1821 797 1859 sumus
818 1803 912 1864 beati.
937 1807 976 1865 In
992 1813 1108 1870 mundo
1123 1811 1193 1870 minu

125 1881 253 1939 accurati
275 1901 381 1950 sumus,
403 1882 584 1956 aliquatenus
598 1883 793 1957 conjecturam
808 1882 948 1957 facimus,
966 1894 1000 1946 et
1013 1890 1048 1948 in
1060 1891 1193 1951 ratiociniis

125 1963 239 2020 defectu
270 1963 547 2020 demonstrationum
577 1962 724 2036 probabile
747 1963 936 2023 assumimus.
969 1969 1043 2029 Hoc
1065 1972 1153 2048 ipsum
1168 1991 1193 2029 cr

126 2043 257 2101 omnibus
290 2049 350 2100 tam
378 2042 482 2100 divinis
511 2062 597 2118 quam
617 2041 750 2100 humanis
771 2042 914 2114 scientiis,
940 2053 1194 2112 controversiamn

125 2128 155 2181 et
176 2123 400 2198 disputationum
422 2122 523 2198 plenis,
545 2127 643 2197 patet;
665 2142 785 2196 quarum
807 2124 973 2185 multitudo
996 2130 1031 2189 in
1056 2138 1194 2202 causaest

127 2205 202 2279 quod
231 2209 275 2261 tot
300 2204 420 2261 diversae
442 2203 517 2277 apud
539 2203 656 2277 quosvis
677 2202 866 2260 inveniuntur
888 2211 1073 2271 sententiae.
1098 2216 1155 2271 Hac
1171 2214 1195 2269 de

126 2304 213 2341 causa
235 2284 309 2353 olim,
332 2289 364 2341 ut
385 2285 470 2352 nosti,
492 2283 668 2358 Philosophi,
691 2283 813 2358 Sceptici
834 2284 916 2355 dicti,
944 2291 1000 2363 qui
1027 2294 1067 2351 de
1086 2295 1196 2352 omnibus

126 2365 306 2433 dubitabant,
328 2366 453 2422 fuerunt.
476 2364 515 2420 Hi
536 2384 588 2438 pru
609 2369 639 2420 et
660 2369 761 2421 contra
781 2363 992 2438 disputabant,
1018 2379 1055 2430 ut
1068 2374 1197 2449 probabile

126 2449 238 2502 tantum
271 2465 404 2502 verarum
436 2445 580 2502 rationum
611 2445 724 2501 defectu
756 2454 1028 2520 consequerentur,
1066 2461 1098 2513 et
1125 2476 1155 2513 er
1172 2455 1197 2510 iis

127 2525 329 2598 unusquisque,
352 2526 427 2599 quod
448 2524 625 2598 probabilius
645 2525 805 2592 videbatur,
822 2525 977 2587 credebat.
1003 2532 1097 2592 Luna
1108 2536 1197 2593 directe

126 2604 202 2660 infra
224 2604 316 2660 Solem
338 2609 381 2660 est
402 2605 512 2677 posita3
535 2609 564 2660 et
585 2605 648 2661 ideo
670 2605 718 2661 Sol
738 2604 767 2661 in
783 2604 908 2678 quedam
923 2612 1022 2668 terrae
1035 2614 1197 2673 locoobscu·

127 2683 253 2751 rabitur;
284 2687 313 2739 et
340 2683 364 2739 si
394 2683 440 2740 Sol
462 2703 519 2739 nun
541 2688 719 2752 obscuretur,
742 2685 808 2741 dum
830 2683 891 2741 dies
912 2693 971 2758 est,
998 2692 1118 2753 directe
1138 2697 1198 2753 infra

126 2782 190 2819 eum
221 2763 303 2819 Luna
335 2782 392 2819 non
414 2768 458 2820 est
478 2764 581 2837 posita.
603 2767 676 2822 Haec
697 2770 741 2822 est
762 2764 893 2838 probatio
916 2767 1198 2843 demonstrativae

127 2863 212 2900 causa
243 2843 279 2899 ad
301 2843 442 2912 effectum,
465 2850 493 2901 61
515 2847 550 2901 ab
572 2846 675 2902 effectu
697 2846 733 2902 ad
755 2864 879 2902 causam.
902 2847 1068 2920 Ejusmodi
1092 2857 1197 2932 aliquot,

126 2925 175 2982 sed
208 2925 292 2982 valde
322 2944 422 2998 paucae
452 2926 566 2992 dantur,
589 2945 653 2999 quae
675 2926 799 2995 anullo,
821 2924 845 2981 si
866 2944 915 2983 eas
936 2932 1032 2990 modo
1056 2937 1197 3012 percipiat,

126 3004 283 3062 contradici
304 3011 433 3079 possunt.

167 3086 312 3154 Quantum
343 3086 378 3142 ad
410 3085 661 3160 pulchritudinem,
688 3091 755 3143 sunt
782 3085 923 3159 quaedam,
954 3108 1090 3163 quorum
1112 3103 1198 3172 partes

126 3171 259 3240 respectu
280 3164 400 3222 aliarum
420 3166 658 3241 proportionales,
681 3171 710 3223 et
731 3167 831 3223 melius
852 3185 939 3239 quam
962 3171 1032 3230 aliae
1050 3184 1197 3235 suntcom·

126 3247 227 3320 positae
238 3270 243 3302 :
257 3251 286 3303 et
297 3246 375 3303 Deus
386 3246 545 3305 intellectui
557 3252 586 3304 et
595 3246 701 3321 judicio
713 3246 835 3304 hominis
846 3247 1093 3314 convenientiam
1105 3262 1135 3314 et
1143 3260 1197 3315 har·

126 3325 249 3383 moniam
269 3346 333 3383 cum
344 3346 386 3395 eo,
399 3328 473 3401 quod
485 3327 732 3402 proportionatum
744 3333 796 3396 est,
808 3347 865 3383 non
878 3346 947 3384 vero
960 3349 1032 3389 cum
1045 3355 1094 3406 60,
1107 3338 1138 3395 in
1150 3357 1197 3413 quc

126 3407 205 3463 nulla
216 3412 260 3464 est
270 3407 427 3481 proportio,
440 3408 589 3465 attribuit:
602 3412 635 3464 ut
645 3406 675 3463 in
686 3407 1000 3467 sonisconscnantibus
1009 3417 1040 3470 et
1052 3416 1197 3476 dissonan-

127 3487 213 3559 tibus,
232 3487 262 3544 in
275 3487 378 3561 quibus
390 3488 506 3545 auditus
517 3487 734 3545 consonantiam
746 3493 775 3545 et
787 3488 997 3547 dissonantiam
1011 3495 1092 3553 bene
1105 3499 1197 3556 distin·

129 3587 215 3642 guere
237 3568 326 3638 novit,
349 3568 416 3643 quia
436 3568 487 3625 illa
508 3567 735 3637 delectationem,
758 3570 819 3627 haec
831 3587 899 3624 vero
910 3569 1083 3633 molestiam
1096 3580 1196 3637 adfert.

128 3648 180 3706 Rei
201 3648 338 3722 perfectio
359 3654 403 3706 est
424 3649 511 3706 etiam
532 3649 661 3723 pulchra,
684 3654 826 3722 quatenus
847 3647 918 3704 nihil
940 3648 1079 3714 sideest.
1106 3660 1197 3734 Hujus

128 3730 218 3787 multa
239 3733 356 3786 exstant
377 3730 518 3803 exempla,
541 3749 612 3802 quae,
636 3748 670 3785 ne
691 3729 828 3802 prolixior
839 3728 900 3796 sim,
914 3729 1028 3788 emitte.
1053 3736 1196 3797 Mundum

128 3810 292 3868 intueamur
313 3810 520 3878 tautummodo,
543 3809 588 3866 cui
609 3828 713 3865 nomen
727 3809 827 3866 Totius
837 3809 883 3865 vel
894 3808 1033 3869 Universi
1045 3817 1196 3876 tribuitur.
