2662 4298
581 376 719 427 sermons
741 375 780 416 v1.

568 616 606 655 De
628 615 812 655 FLUIDITATE.

184 761 210 829 ξ.
234 760 267 817 1.1
303 758 381 816 Satis
409 763 527 828 constet,
557 758 795 815 annumerandas
815 775 870 815 essa
890 759 1018 816 allamma
1037 764 1233 836 personalibus

141 838 352 912 affectionibus,
379 845 429 896 etc.
451 836 590 895 Notiones
611 856 649 895 ex
669 835 750 910 vulgi
770 856 825 895 usu
845 836 947 908 lactas,
968 839 1018 896 vel
1040 859 1116 915 quae
1138 842 1230 902 Natu·

142 938 206 976 rarn
227 917 384 993 explicant,
406 937 464 975 non
485 917 568 976 utin
589 935 620 975 se
642 921 695 988 est,
710 917 760 975 sed
774 921 861 992 prout
875 917 1044 977 adsensum
1062 921 1230 982 humanum

143 998 279 1070 refertur,
301 998 379 1056 nullo
400 998 484 1056 modo
506 997 582 1055 inter
603 1017 714 1055 summa
735 1016 843 1071 genera
857 997 888 1072 α)
908 1001 1116 1060 numerandas
1130 1022 1228 1062 censa·

121 1097 214 1150 -rem,
237 1098 330 1154 neque
351 1077 512 1136 miscendas
533 1079 581 1151 (ne
602 1077 694 1135 dicam
716 1077 944 1150 confundendae)
965 1097 1032 1137 curn
1050 1081 1233 1144 notionibus

125 1157 233 1217 castis
247 1160 285 1232 b),
307 1162 422 1233 atquae
444 1158 594 1228 Naturam,
616 1157 699 1216 utin
721 1177 751 1216 se
773 1162 826 1229 est,
842 1156 995 1233 explicant.
1018 1159 1124 1236 Hujus
1137 1183 1226 1238 gene·

140 1239 182 1297 ris
211 1244 280 1297 sunt
307 1243 411 1311 motus,
441 1238 531 1314 quies,
554 1242 583 1296 et
604 1257 702 1296 eorum
723 1238 819 1313 leges;
840 1237 916 1296 illins
936 1258 1008 1297 vero
1030 1239 1162 1315 visibile,
1185 1244 1225 1303 in-

140 1319 263 1390 visibile,
295 1319 429 1390 calidum,
458 1318 605 1394 frigidum,
627 1322 665 1388 et,
688 1317 838 1377 utstatim
861 1317 963 1389 dicam,
985 1319 1112 1380 fluidum
1134 1323 1225 1383 etiam

141 1405 172 1458 et
195 1399 366 1468 consistens,
388 1404 443 1458 etc.

182 1483 207 1551 ξ.
232 1481 259 1539 5.
302 1482 406 1538 Primo
431 1487 469 1538 est
490 1499 644 1554 corporum
666 1480 891 1554 componentium
912 1482 1054 1555 peanitas,
1078 1485 1113 1540 in
1132 1503 1223 1560 pran-

142 1561 273 1618 dioribns
302 1563 416 1635 qnippe,
444 1567 492 1618 etc.
526 1558 667 1628 Quamvis
695 1578 817 1634 corpora
844 1557 902 1616 sint
922 1578 1025 1635 parva,
1047 1563 1223 1638 superficias

141 1645 241 1697 tamen
263 1640 372 1698 habent
393 1641 456 1712 (aut
476 1640 584 1698 habere
604 1641 738 1715 possunt)
751 1640 776 1712 c)
791 1638 957 1713 inaequales
974 1640 1219 1719 asperitatesque.

142 1720 249 1789 Quare,
272 1719 296 1776 si
317 1738 439 1794 corpora
459 1739 566 1794 magna
587 1718 640 1777 tali
659 1719 847 1795 proportione
867 1723 1049 1792 moveantur,
1069 1727 1219 1783 uteorum

140 1803 237 1857 motus
265 1799 302 1857 ad
330 1819 429 1857 eorum
455 1801 559 1858 molem
580 1799 618 1858 sit
632 1801 673 1874 d),
696 1804 729 1857 ut
748 1804 844 1857 motus
864 1799 1040 1858 minutorum
1062 1821 1218 1878 corporum

141 1880 179 1937 ad
210 1879 366 1938 eorundem
395 1880 498 1938 molem
512 1882 547 1953 e),
574 1879 662 1939 fluida
683 1879 770 1938 etiam
792 1883 889 1938 essent
910 1879 1040 1953 dicenda,
1063 1881 1088 1939 si
1111 1903 1217 1943 nomen

139 1959 219 2018 fluidi
248 1959 316 2034 qnid
345 1960 539 2018 extrinsecum
566 1980 624 2018 non
645 1959 823 2034 significaret
836 1961 914 2034 f),e
948 1980 1006 2018 non
1021 1963 1052 2037 p)
1073 1981 1113 2021 ex
1135 1964 1218 2040 vulgi

139 2060 194 2099 usn
218 2045 332 2099 tantum
354 2045 544 2116 usurparetur
565 2041 602 2098 ad
623 2039 813 2115 significanda
834 2059 869 2098 ea
890 2060 1012 2115 corpora
1032 2047 1123 2109 mota.
1146 2064 1215 2120 quo·

138 2141 203 2179 rum
217 2120 347 2179 minutiae
362 2125 451 2196 atque
464 2120 623 2179 interstitia
635 2122 793 2179 humanum
808 2140 922 2178 sensum
938 2121 1090 2196 effugiunt.
1117 2124 1216 2194 Quare

137 2201 213 2260 idern
227 2204 257 2274 t)
289 2201 345 2260 erit
377 2221 498 2277 corpora
525 2200 654 2259 dividere
681 2200 711 2258 iu
737 2200 825 2258 fluida
854 2207 883 2258 ot
904 2200 1102 2272 consistentia,
1126 2205 1212 2264 acin

139 2281 265 2340 visibilia
287 2288 316 2340 et
336 2281 500 2340 invisibilia.

178 2362 297 2422 ibidem.
342 2364 408 2420 Nisi
432 2363 574 2439 Cbpmieis
594 2363 793 2436 experimentis
809 2363 839 2419 id
854 2363 1040 2436 coanrprobare
1048 2383 1213 2437 possemus.

137 2442 293 2517 Nunquam
308 2442 460 2517 OhymioiS,
476 2462 569 2517 neque
584 2441 648 2500 aliis
662 2441 877 2516 experimentis
892 2441 948 2499 nisi
962 2443 1214 2504 demonstratione

137 2526 167 2579 et
187 2524 402 2597 computatione
417 2525 448 2595 i),
472 2522 576 2598 aliquis
598 2522 627 2579 id
655 2524 841 2602 comprobare
855 2522 971 2597 poterit.
993 2523 1119 2590 Ratione
1134 2526 1213 2584 enim

137 2606 166 2658 et
195 2602 303 2660 calculo
332 2622 453 2677 corpora
480 2603 510 2660 in
537 2602 682 2660 infinitum
712 2601 874 2672 dividimus,
903 2608 933 2659 et
953 2622 1006 2676 per
1027 2623 1212 2680 consequens

136 2680 223 2739 etiam
245 2682 337 2750 VireS,
361 2702 425 2757 quae
448 2683 484 2741 ad
506 2684 606 2742 eadem
626 2683 800 2740 movendum
821 2681 1009 2757 requiruntur
1023 2684 1070 2757 lc);
1094 2686 1145 2743 sed
1158 2706 1211 2744 ex·
1268 2690 1272 2704 '

135 2760 304 2837 perimentis
327 2782 474 2837 nunquam
494 2763 523 2821 id
545 2765 732 2838 comprobare
746 2765 767 2836 l)
789 2762 955 2837 poterimus,

178 2845 203 2912 ἓ.
227 2845 254 2900 6.
300 2844 436 2901 Grandia
457 2863 581 2918 corpora
602 2847 698 2918 inepta
711 2846 799 2900 nitaris
812 2863 868 2901 esse
882 2846 1083 2901 constituendis
1097 2846 1212 2918 flnidis,

136 2929 185 2980 ate.
208 2921 275 2980 Sive
295 2943 348 2999 per
369 2924 488 2982 fluidum
507 2923 690 2998 intelligatur
710 2923 748 2993 id,
771 2924 847 2998 quod
868 2925 952 2981 modo
974 2922 1043 2993 dixi,
1062 2923 1124 2982 sive
1140 2946 1212 3001 non,

135 3021 182 3060 res
203 3007 300 3061 tamen
321 3022 374 3078 per
394 3024 425 3062 aa
439 3006 480 3077 m)
501 3009 546 3062 est
566 3004 729 3061 manifesta.
752 3003 806 3061 Sed
818 3023 876 3061 non
888 3003 980 3074 video,
996 3005 1139 3077 quomodo
1155 3007 1213 3065 Vir

135 3083 210 3141 Olar.
233 3085 264 3153 n)
304 3084 511 3159 experimentis
538 3084 568 3142 in
596 3084 659 3142 hac.
690 3087 716 3155 §.
744 3083 840 3141 allatis
867 3084 895 3141 id
924 3086 1098 3158 comprobet.
1132 3085 1210 3146 Nam

135 3164 261 3236 (quando
277 3167 304 3238 o)
327 3164 361 3222 de
382 3185 413 3222 re
434 3165 545 3223 incerta
557 3167 591 3240 p)
613 3163 745 3222 dubitare
767 3163 919 3237 volumus),
942 3163 1073 3238 quamvis
1088 3184 1156 3224 ossa
1171 3169 1209 3226 ad

135 3245 362 3318 componendum
395 3245 526 3320 Ohylum,
554 3249 583 3303 et
609 3243 712 3302 similia
740 3244 837 3315 fluida,
866 3244 925 3302 sint
949 3245 1048 3319 inepta
1063 3244 1102 3319 q),
1130 3246 1212 3306 forte

137 3441 349 3450 --—-—

165 3536 190 3587 al
201 3538 265 3581 inter
272 3551 365 3594 penora
374 3551 465 3583 rerunt.
529 3538 551 3594 b)
562 3538 792 3585 reclamationibus.
856 3539 877 3598 c)
890 3539 910 3584 L
920 3540 1086 3598 parenthesin
1096 3543 1210 3592 omittit.

166 3599 191 3647 dt
208 3600 242 3643 sit
259 3600 293 3644 acl
308 3613 387 3644 eorem
403 3600 495 3644 molem.
559 3607 579 3651 st
598 3601 631 3646 ad
646 3602 731 3646 molem
748 3615 837 3647 eornm.
898 3603 926 3662 st
943 3617 991 3647 non
1002 3604 1062 3660 ripn.
1072 3605 1209 3661 quidemr.

162 3665 188 3717 p)
206 3661 226 3705 L
244 3663 341 3707 omittit
357 3676 416 3709 non.
550 3664 574 3720 h)
592 3664 613 3709 L
631 3664 715 3710 addit:
733 3678 783 3709 meo
794 3664 897 3721 judicio.
1031 3667 1047 3722 ι’)
1066 3666 1118 3710 nisi
1134 3681 1209 3714 attera

133 3724 230 3767 ratione
246 3728 268 3767 et
285 3724 386 3770 calculo.
482 3725 507 3781 le)
528 3739 640 3784 corpora,
656 3730 678 3771 et
690 3740 740 3784 per
751 3740 928 3784 consequens..
940 3761 945 3772 .
957 3729 997 3774 .in
1006 3730 1052 3785 inf.
1061 3728 1208 3778 (lividissima.
1252 3724 1253 3727 ’

166 3785 183 3841 l)
197 3791 331 3843 praestare.
457 3787 491 3845 m)
508 3788 528 3833 L
546 3789 630 3834 addit:
648 3790 720 3836 sat-ts.
847 3788 873 3844 n)
891 3791 919 3836 cl.
937 3792 983 3837 air.

164 3848 186 3905 o)
203 3849 405 3906 qraandoqm'dem.
544 3850 570 3908 p)
587 3856 662 3897 certo.
796 3851 820 3910 ql
837 3853 922 3909 inepta
938 3854 989 3898 sint
1006 3853 1040 3898 ad
1048 3887 1053 3898 .
1064 3887 1069 3899 .
1082 3854 1206 3910 ..fluidm
