2662 4298
506 346 654 386 errsrone.
677 345 762 385 xxvr.
1096 329 1154 387 299

84 532 164 582 sane,
198 511 425 588 quotiescunque
457 514 527 572 data
555 511 611 571 fuit
642 511 764 585 occasio,
797 513 832 571 D.
865 512 926 572 Ser.
948 516 977 571 et
998 512 1152 572 Christian.

85 592 253 667 Hugenium
285 593 316 651 Z.
340 594 376 652 D.
398 596 423 665 *,
457 594 506 669 qui
534 593 621 651 etiarn
643 597 673 651 te
695 591 811 651 novisse
831 591 902 651 mihi
922 592 1045 663 dixerat,
1068 594 1103 652 de
1124 598 1154 652 te

85 677 195 748 tuaque
227 672 394 732 valetudine
426 693 531 749 rogare
561 692 620 732 non
649 672 730 731 desii.
760 673 808 731 Ab
839 672 939 734 eodem
959 673 995 732 D.
1018 673 1153 748 Hugenio

84 752 173 811 etiam
207 752 346 825 intellexi,
369 753 592 812 eruditissimum
612 753 648 811 D.
671 751 806 830 Boylium
826 752 935 824 vivere,
959 757 989 811 et
1008 752 1039 812 in
1061 754 1154 812 lucem

84 832 212 891 emisisse
232 834 400 892 Tractatum
420 833 501 892 illum
520 833 664 908 insignem
686 834 722 891 de
742 831 891 892 Coloribus
912 833 1043 908 Anglice‚
1069 853 1153 909 quem

83 912 131 971 ille
152 913 223 970 mihi
245 914 425 972 commodato
436 915 528 985 daret,
540 913 565 972 si
574 913 704 988 linguam
714 912 869 988 Anglicam
879 913 1022 973 callerem.
1034 913 1152 973 Gaudeo

84 992 176 1068 igitur
208 1013 246 1052 cx
276 999 306 1052 te
335 993 417 1064 scire,
444 996 522 1053 hunc
543 995 721 1065 Tractatum,
744 993 828 1052 simul
849 1012 914 1052 cum
934 993 983 1052 illo
1005 994 1096 1053 altero
1118 995 1153 1052 de

82 1072 204 1148 Frigore
236 1079 266 1132 et
299 1074 532 1145 Thermemetris,
565 1075 601 1132 de
622 1093 677 1149 quo
699 1074 825 1131 nondum
842 1072 1024 1145 audiveram,
1046 1073 1152 1133 Latina

83 1153 204 1212 civitate
237 1155 368 1223 donatos,
390 1159 420 1214 et
440 1153 546 1230 publici
565 1153 640 1229 juris
659 1154 762 1212 factos.
783 1153 871 1212 Liber
891 1153 926 1212 de
947 1154 1154 1212 observationi·

83 1236 138 1293 bne
169 1233 380 1311 microscopicis
407 1234 495 1294 etiam
515 1254 605 1310 penes
625 1235 661 1293 D.
683 1233 850 1308 Eugenium
872 1237 925 1304 est,
947 1234 997 1292 sed
1018 1234 1047 1292 ni
1068 1235 1154 1292 fallor
1230 1291 1234 1299 ,

84 1314 216 1389 Angliee.
246 1314 321 1373 Mira
343 1315 458 1390 quidem
489 1314 560 1373 mihi
589 1315 625 1373 de
645 1313 724 1373 hisce
745 1313 940 1388 microsoopiis
960 1313 1101 1388 narravit,
1123 1320 1153 1373 ct·

82 1393 169 1452 simul
200 1395 234 1453 de
265 1394 439 1471 Telescepiis
469 1395 640 1470 quibusdam
669 1394 700 1453 in
731 1393 817 1452 ltalia
849 1393 1012 1465 elaboratis,
1048 1394 1152 1470 quibus

83 1474 222 1550 Eelypses
248 1474 280 1534 in
300 1476 376 1534 Jove
397 1477 433 1534 ab
453 1475 673 1551 interpositione
695 1473 857 1533 Satellitum
878 1476 1034 1533 observare
1054 1479 1152 1550 potue·

83 1559 163 1626 runt,
185 1574 220 1613 ac
242 1555 330 1614 etiam
349 1558 481 1615 umbram
502 1556 647 1632 quandam
661 1554 691 1612 in
703 1554 838 1625 Saturno,
847 1559 986 1630 tanquam
997 1557 1034 1614 ab
1044 1556 1151 1614 annulo

81 1635 200 1694 iactam.
234 1635 361 1705 Quorum
393 1635 543 1695 occasione
575 1655 633 1694 non
665 1635 737 1694 satie
769 1654 886 1710 possum
911 1635 1011 1694 mirari
1029 1635 1152 1694 Cartesii
1189 1708 1191 1713 ,

81 1714 334 1791 praecipitantium,
365 1716 415 1792 qui
445 1716 495 1787 ait,
519 1735 644 1787 causam,
666 1735 719 1774 cur
738 1715 868 1774 Planetae
887 1715 974 1790 juxta
995 1715 1152 1775 Saturnum

82 1795 157 1870 (ejus
177 1795 253 1854 enim
274 1815 361 1854 ansas
382 1796 520 1855 Planetas
542 1816 604 1855 esse
624 1794 750 1871 putavit,
771 1796 846 1854 forte
857 1795 925 1871 quia
936 1815 986 1854 eas
995 1796 1153 1854 Saturnum

81 1879 204 1950 tangere
237 1896 384 1952 nunquam
413 1874 592 1954 observavit)
616 1896 675 1934 non
694 1880 857 1946 moventur,
877 1895 962 1951 posse
983 1895 1054 1946 esse,
1076 1876 1152 1951 quod

82 1955 227 2014 Saturnus
258 1955 343 2016 eirca'
366 1956 518 2032 proprium
540 1976 626 2015 axem
647 1976 706 2014 non
728 1960 822 2031 gyret,
845 1975 909 2014 curn
932 1956 987 2014 hoc
1007 1976 1071 2014 cum
1093 1956 1153 2015 suis

82 2035 231 2111 principiis
260 2056 363 2112 parurn
385 2036 547 2107 conveniat,
570 2041 632 2095 tum
654 2035 723 2113 quia
744 2055 779 2094 ex
789 2035 850 2094 suis
859 2035 1008 2112 principiis
1017 2035 1152 2095 facillime

82 2135 217 2174 ansarum
260 2136 375 2176 causam
417 2117 564 2193 explicare
600 2121 746 2192 potuerat,
781 2114 838 2174 nisi
872 2115 1038 2192 praejudicio
1071 2116 1152 2174 labo·

80 2200 170 2267 raret,
192 2201 246 2255 etc.

316 2437 340 2495 Ε
351 2457 369 2494 Ρ
380 2457 391 2495 1
403 2457 417 2495 s
428 2456 445 2495 r
456 2456 473 2495 o
484 2457 501 2496 1.
513 2457 531 2495 a
568 2435 682 2495 XXVII
706 2442 782 2508 (enm
798 2437 918 2511 xxxvm).

323 2572 541 2631 Hemeeieeime
570 2572 814 2648 ornatissimoque
839 2572 909 2629 Vire

230 2702 523 2763 GUILIELMO
553 2704 615 2764 DE
646 2704 1004 2765 BLYENBERGH

547 2838 630 2896 B.1>.
653 2837 682 2898 S.

340 2970 496 3045 Responsio
517 2972 558 3029 ed
579 2971 741 3045 Epictetum
771 2970 891 3029 XXIV.

558 3102 672 3162 Versio.

162 3265 207 3322 Mi
230 3266 352 3324 Domine
375 3272 401 3324 et
421 3269 528 3338 Amice,

128 3397 186 3457 Ubi
216 3403 276 3470 tua,
309 3400 356 3459 27.
387 3399 488 3458 Martii
507 3400 543 3458 ad
564 3419 610 3458 me
632 3400 709 3467 date,
730 3397 803 3457 mihi
822 3399 1000 3468 tradebatur,
1022 3401 1055 3456 ut
1076 3398 1147 3456 Am-

81 3478 279 3537 steleedamum
322 3479 527 3555 proficiscerer,
562 3479 593 3538 in
624 3479 775 3555 procinctu
807 3480 929 3537 stabam.
962 3478 1067 3548 Quare,
1098 3477 1148 3537 ubi

80 3557 227 3617 dimidium
255 3559 317 3636 ejus
337 3560 528 3635 perlegeram,
550 3559 628 3618 (lomi
648 3558 855 3634 relinquebam,
877 3559 968 3617 donec
989 3557 1146 3629 rediissem,

79 3640 113 3697 ut
143 3643 204 3697 tum
235 3641 454 3715 responderem3
477 3638 611 3716 quoniam
633 3642 780 3715 putabam,
803 3657 866 3697 eam
886 3639 958 3696 nihil
979 3638 1035 3698 nisi
1060 3639 1147 3709 Quae·

112 3816 124 3841 ¹²
156 3818 285 3863 Zeelhemi
302 3817 448 3864 Dominum.
