2662 4298
469 360 608 399 nurerum
627 361 719 400 xxxv.
1077 345 1135 405 317

13 541 28 577 ι·
109 526 188 594 Haec,
220 525 404 601 Amplissime
433 527 495 598 Vir,
527 527 596 585 mihi
627 529 682 586 hoc
713 533 841 603 ternpore
867 528 975 604 optima
995 529 1059 588 visa
1079 529 1135 589 fuit

18 622 30 657 2*
65 605 224 664 Methodus
254 607 290 664 ad
321 607 500 683 propositum
527 608 789 667 demonstrandum.
811 610 875 667 Hoc
894 608 989 683 ipsum
1010 611 1135 669 antehac

10 702 30 741 22.
66 684 153 743 aliter
186 685 389 756 demonstravi,
412 686 624 746 distinctionem
644 688 786 746 Essentiae
809 694 838 746 et
858 688 1030 747 Existeutiae
1052 689 1134 748 adhi-

10 784 31 823 :i
65 765 177 836 bendo;
199 765 267 841 quia
288 786 357 824 vero
378 767 415 825 ad
435 767 474 836 id,
497 769 571 843 quod
593 767 663 825 mihi
683 768 826 838 indicasti,
848 770 976 840 attendo,
992 770 1068 828 hanc
1081 770 1135 829 tibi

12 867 30 905 :r
64 843 201 903 libentius
231 845 345 904 mittere
376 847 463 905 volui.
495 847 584 922 Spero
605 848 658 905 tibi
678 847 766 907 faciet
787 849 866 919 satis,
888 855 1026 924 tuumque
1048 870 1134 926 super

65 944 100 982 ea
117 924 256 1000 judicium
276 927 473 1001 praestolabor,
495 932 523 985 et
544 927 656 986 interea
676 928 815 1004 temporis
835 931 966 1000 manebo,
989 936 1047 990 etc.

128 1058 279 1116 Voorburgi,
299 1059 319 1105 ῖ.
336 1059 440 1106 Januar.
458 1059 526 1105 1666.

521 1221 682 1232 —-—.-.-.

339 1369 558 1428 Eprsrous
578 1371 689 1428 XXXV
711 1372 788 1445 (omn
804 1371 857 1447 XL).

311 1520 381 1578 Viro
401 1522 587 1595 simplicciaco
608 1541 642 1580 cc
665 1521 894 1581 Prudentissimo

299 1662 898 1732 CHRISTIANO'HUGENIO

529 1807 563 1864 B.
589 1826 616 1866 n.
639 1806 666 1865 S.

550 1939 655 1998 Veram.

82 2080 88 2088 '
145 2072 328 2147 Amplissime
356 2073 415 2143 Vir,

107 2203 189 2273 Quod
219 2203 249 2262 in
280 2210 332 2263 tua
362 2204 492 2280 epistola,
524 2207 570 2265 10.
599 2207 684 2263 Febr.
709 2206 745 2264 ad
766 2225 812 2264 me
833 2206 909 2277 data,
932 2206 1028 2283 aliquo
1049 2210 1133 2268 modo

65 2284 134 2342 mihi
156 2289 219 2342 erat
240 2287 401 2355 obscurum,
422 2285 452 2343 in
473 2285 583 2356 ultime,
606 2286 652 2344 30.
675 2285 774 2345 Martii
795 2286 912 2361 scripta,
934 2287 1041 2362 optime
1062 2309 1133 2347 enu-

64 2364 172 2422 cleasti.
205 2365 346 2434 Quoniam
377 2365 475 2439 igitur,
508 2385 572 2441 quee
605 2366 720 2441 proprie
747 2371 798 2425 tua
819 2366 857 2424 sit
877 2368 1031 2442 sententia,
1053 2370 1132 2441 novi,

65 2449 172 2502 statum
204 2444 376 2514 Quaestionis
407 2447 502 2515 talem,
536 2445 649 2521 qualem
680 2466 744 2506 eum
777 2447 911 2523 concipis,
944 2467 1065 2523 ponam:
1095 2470 1133 2508 an

64 2524 172 2583 scilicet
203 2546 260 2583 non
292 2525 348 2584 nisi
379 2545 467 2584 unum
499 2526 537 2584 sit
567 2527 636 2597 Ens,
669 2528 744 2601 quod
767 2546 819 2585 sua
839 2528 1013 2587 sufficientia
1034 2530 1080 2587 vel
1103 2531 1133 2588 vi

64 2604 210 2675 subsistit;
240 2607 316 2682 quod
344 2626 402 2664 non
423 2611 536 2665 tantum
558 2607 679 2670 affirmo.
702 2609 752 2666 sed
773 2607 859 2666 etiam
881 2609 1080 2668 demonstrare
1101 2611 1132 2669 in

63 2704 109 2742 me
139 2686 271 2761 suscipio,
305 2685 372 2745 hinc
403 2687 546 2758 nimirum,
573 2688 648 2763 quod
670 2689 732 2764 ejus
753 2693 859 2747 nature
879 2689 1070 2748 necessariam
1091 2691 1132 2749 in·

63 2766 155 2823 volvit
186 2767 387 2837 existentiam
420 2767 488 2825 licet
508 2768 563 2826 hoc
583 2768 676 2843 ipsum
697 2768 831 2826 facillime
852 2789 889 2827 ex
910 2769 963 2827 Dei
984 2769 1132 2830 intellectu

64 2847 314 2921 (quemadmodum
326 2867 380 2922 ego
390 2847 421 2905 in
434 2847 634 2923 Propositione
645 2849 684 2907 ΙΙ.
706 2847 991 2907 Demonstrationum
1003 2870 1130 2909 mearum

63 2925 308 2985 Geometricarum
340 2927 370 2984 in
395 2927 517 2986 Cartesii
537 2928 684 3003 Principia
704 2928 840 3003 praestiti)
862 2934 913 2987 aut
934 2949 971 2987 ex
993 2930 1056 2988 aliis
1078 2931 1131 2990 Dei

62 3007 210 3064 attributis
241 3007 439 3065 demonstrare
459 3007 535 3066 licet.
558 3008 630 3065 Rem
651 3027 721 3082 ergo
742 3013 775 3067 ut
795 3002 1007 3083 aggrediamur,
1030 3010 1059 3067 in
1082 3031 1129 3069 an·

62 3091 203 3145 tecessum
226 3088 353 3146 breviter
374 3089 532 3160 ostendam,
555 3107 627 3163 quus
647 3088 839 3164 proprietates
858 3089 926 3159 Eue,
939 3090 1130 3149 necessariam

61 3166 210 3226 includens
231 3168 425 3239 existentiam,
447 3169 554 3226 habere
575 3170 673 3226 debet:
696 3168 828 3226 nimirum

99 3246 138 3306 1⁰.
170 3249 203 3306 Id
236 3267 299 3306 esse
333 3252 489 3306 aeternum:
512 3248 535 3306 si
557 3248 632 3306 enim
654 3248 845 3307 determinata
866 3249 980 3308 duratio
1002 3249 1027 3307 ei
1049 3251 1129 3309 attri-

58 3329 203 3400 bueretur,
235 3329 296 3386 Eos
325 3329 411 3402 istud,
444 3333 530 3387 extra
560 3328 780 3387 determinatam
805 3329 994 3400 durationem,
1017 3333 1129 3389 utnon

59 3408 195 3480 existens
228 3409 274 3467 vel
299 3414 332 3467 ut
352 3409 544 3467 necessariam
567 3429 625 3467 non
646 3408 798 3468 involvens
819 3409 1013 3480 existentiam,
1036 3410 1128 3469 conci-

58 3494 191 3564 peretur;
214 3489 289 3565 quod
311 3489 470 3548 definitioni
491 3509 551 3547 suae
571 3494 726 3564 repugnat.

99 3567 155 3627 11⁰.
176 3569 210 3628 Id
232 3570 364 3645 simplex,
385 3590 444 3628 non
458 3589 527 3628 vero
538 3589 575 3628 ex
585 3569 718 3645 partibus
728 3570 916 3645 compositum
928 3591 1000 3630 esse.
1023 3571 1126 3630 Partes

59 3669 184 3724 namque
204 3655 409 3725 componentes
428 3654 534 3708 natura
555 3655 585 3708 et
605 3650 769 3724 cognitione
788 3651 900 3726 priores
921 3651 980 3710 sint
1001 3657 1124 3727 oportet,

59 3748 145 3802 quam
175 3729 213 3802 id,
246 3731 321 3806 quod
346 3730 535 3806 compositum
556 3735 615 3802 cst;
638 3732 713 3806 quod
733 3730 763 3788 iu
785 3751 827 3802 oo,
851 3732 925 3807 quod
948 3752 1001 3790 sua
1022 3738 1127 3791 natura

60 3813 199 3867 aeternum
222 3815 274 3882 est,
295 3811 389 3869 locum
410 3811 586 3870 nonhabet.
