2662 4298
535 335 674 374 emenone
702 335 802 374 11111111.
1146 317 1204 375 425

91 529 93 532 ·
128 503 331 562 excusandum
353 500 468 577 quidem
492 521 564 572 esse,
586 503 636 560 sed
648 508 746 561 tamen
756 503 821 578 jure
832 502 979 574 trucidari,
991 521 1052 560 rem
1063 503 1203 560 conficere

131 603 192 641 non
213 582 344 655 videtur;
367 601 432 639 cum
453 581 594 657 ejusmodi
615 583 695 640 canis
716 582 821 641 occisio
837 583 978 642 saevitiam
990 589 1135 657 argueret,
1149 582 1204 641 nisi

131 662 298 722 necessaria
325 662 361 720 ad
387 661 416 719 id
445 661 530 733 foret,
568 667 601 721 ut
630 662 679 720 alii
708 682 795 721 canes
815 663 909 723 aliave
932 662 1077 732 animalia,
1099 667 1129 720 et
1148 663 1205 738 ipsi

132 743 273 815 homines,
303 762 321 800 a
350 741 506 800 furibundo
530 742 672 817 ejusmodi
692 763 790 801 morsu
811 749 910 802 essent
929 743 1134 820 praeservandi.
1162 744 1205 801 At

128 823 158 882 si
185 825 264 882 Deus
297 824 424 880 Mentem
452 841 552 880 sanam
579 822 693 882 inderet
721 823 892 894 hominibus
921 824 963 882 uti
991 828 1096 899 potest,
1124 823 1204 881 nulla

130 905 209 962 foret
223 903 360 961 vitiorum
374 902 523 976 contagies
533 903 774 977 pertimescenda.
796 905 834 962 Et
845 924 915 963 sane
925 904 1040 962 crudele
1051 904 1203 961 admodum

131 983 258 1054 videtur,
288 984 380 1040 Deum
403 981 529 1053 aeternis,
552 984 598 1041 vel
621 985 722 1042 saltem
747 984 816 1042 diris
837 986 874 1043 ad
893 990 1007 1059 tempus
1028 983 1204 1042 cruciatibus

129 1065 278 1122 devovere
306 1062 436 1120 homines
463 1064 499 1121 ob
529 1069 657 1137 peccata,
680 1084 745 1139 quae
767 1066 932 1123 nullatenus
953 1068 1090 1140 poterant
1111 1065 1147 1121 ab
1168 1063 1204 1121 iis

128 1143 246 1203 evitari.
262 1143 373 1202 Adhaec
383 1143 473 1200 totius
485 1142 514 1201 S.
530 1143 688 1220 Scripturas
704 1149 788 1203 tenor
801 1145 831 1203 id
841 1163 1004 1221 supponere
1016 1149 1046 1202 et
1055 1143 1204 1219 implicare

134 1223 260 1295 videtur,
289 1243 374 1299 posse
403 1221 534 1281 homines
560 1224 707 1283 abstinere
735 1244 753 1282 a
780 1225 922 1300 peccatis:
947 1225 1076 1283 abundat
1097 1224 1203 1300 quippe

129 1303 398 1363 abominationibus
429 1308 459 1361 et
491 1303 639 1378 promissis
670 1304 853 1380 praemiorum
874 1311 904 1365 et
924 1324 1074 1381 poenarum
1096 1304 1203 1362 denun-

128 1384 314 1456 ciationibns,
348 1403 412 1458 quae
445 1382 542 1442 omnia
562 1384 698 1443 videntur
719 1390 822 1443 eontra
842 1385 981 1461 peccandi
1001 1383 1203 1444 necessitatem
1230 1386 1235 1391 ’

131 1464 267 1535 militare,
296 1469 326 1523 et
351 1483 503 1540 poenarum
531 1464 733 1523 evitandarum
762 1465 981 1541 possibilitatem
1001 1465 1125 1523 inferre:
1147 1484 1203 1539 quo

132 1550 242 1619 negato
272 1545 356 1603 Mens
384 1544 511 1602 humana
540 1565 598 1602 non
625 1545 721 1603 minus
750 1545 916 1606 mechanica
938 1565 1024 1624 quam
1045 1546 1202 1603 humanum

129 1645 240 1700 corpus
264 1644 352 1700 agere
373 1623 494 1682 dicenda
514 1625 599 1684 foret.

174 1707 275 1775 Porro,
307 1705 383 1780 quod
415 1703 556 1763 lliracula
587 1710 616 1764 et
648 1705 847 1780 Ignorantiam
877 1727 929 1783 pro
954 1705 1203 1781 aequipollentibus

129 1805 247 1844 sumere
267 1784 375 1861 pergis,
390 1784 452 1860 ⁴hoc
471 1785 660 1845 fundamento
674 1786 729 1844 niti
743 1786 867 1859 videtur,
879 1788 955 1863 quod
966 1791 1101 1845 creatura
1111 1785 1203 1861 possit

130 1866 294 1941 debeatque
314 1863 457 1923 infinit-am
472 1867 612 1925 creatoris
625 1866 784 1942 potentiam
796 1874 826 1926 et
839 1866 1011 1943 sapientiam
1021 1870 1203 1942 perspectam

130 1947 255 2037 habere3
277 1947 352 2021 quod
373 1944 472 2020 utique
493 1966 576 2005 secus
597 1967 628 2005 se
649 1947 764 2019 habere,
786 1947 856 2007 mihi
871 1949 1012 2006 hactenus
1029 1950 1073 2005 est
1087 1965 1202 2021 persua·

127 2046 287 2086 sissrmnm.

165 2106 304 2181 Denique
326 2107 401 2182 quod
422 2107 559 2177 affirmas,
581 2106 690 2166 Christi
709 2106 881 2183 passionem,
903 2113 1033 2176 mortem,
1056 2111 1086 2164 et
1106 2107 1201 2182 sepul·

128 2191 228 2246 turam
256 2187 408 2246 literaliter
437 2186 550 2262 quidem
578 2187 745 2262 accipienda
766 2207 838 2257 esse,
860 2187 1110 2246 Resurrectionem
1131 2206 1202 2245 vero

126 2267 194 2343 ejus
225 2266 388 2342 allegorice,
423 2268 512 2337 nullo,
547 2268 623 2343 quod
652 2267 724 2326 mihi
754 2273 885 2344 apparet,
915 2272 1086 2343 argumento
1115 2287 1132 2325 a
1161 2268 1202 2324 Te

128 2346 259 2406 fulcitur.
281 2349 373 2423 AEque
394 2347 546 2408 literaliter
567 2347 644 2406 tradi
664 2347 694 2405 in
713 2347 880 2422 Evangeliis
892 2347 1007 2407 videtur
1018 2346 1201 2406 Resurrectio

126 2427 249 2499 christi,
271 2447 305 2486 ac
326 2428 445 2504 reliqua.
476 2429 514 2486 Et
535 2428 591 2486 hoc
612 2428 841 2486 Resurrectionis
862 2428 984 2487 articulo
1005 2432 1068 2486 tota
1088 2426 1202 2502 Religio

126 2507 298 2566 Christiana
327 2509 445 2586 ejusque
473 2507 583 2566 veritas
611 2507 722 2577 nit'tur,
748 2528 839 2583 eaque
866 2509 982 2567 sublata
1002 2507 1109 2567 Christi
1130 2509 1201 2566 Jesu

128 2587 229 2646 missio
256 2608 290 2647 ac
316 2590 456 2649 Doctrina
484 2588 611 2647 ooelestis
638 2589 815 2648 collabescit.
837 2590 944 2648 Latere
965 2593 995 2648 te
1015 2609 1074 2647 non
1095 2592 1200 2664 potest,

127 2673 310 2744 quantopere
330 2669 508 2729 laboraverit
529 2669 662 2728 Christus
682 2690 700 2728 a
720 2669 841 2728 mortuis
857 2669 1056 2743 resuscitatus,
1072 2674 1105 2727 ut
1120 2668 1202 2727 disci-

128 2749 215 2824 pulos
245 2769 313 2807 suos
345 2751 380 2809 de
409 2748 641 2809 Resurrectionis
670 2749 786 2826 proprie
821 2749 862 2809 sic
883 2749 967 2810 dictae
988 2750 1114 2808 veritate
1136 2769 1200 2807 con-

129 2828 271 2887 vinceret.
294 2829 399 2888 Omnia
420 2831 470 2888 illa
490 2829 521 2888 in
542 2829 697 2904 allegorias
718 2835 834 2888 vortere
855 2832 938 2902 velle,
960 2830 1036 2888 idem
1057 2834 1102 2888 est
1123 2850 1156 2887 ac
1177 2829 1201 2887 si

126 2908 196 2984 quis
217 2928 330 2968 omnem
351 2910 537 2986 Evangelicae
560 2909 700 2968 Historiae
722 2909 876 2968 veritatem
898 2911 1061 2968 convellere
1075 2914 1200 2984 satagat.

171 2989 270 3048 Pauca
295 2994 359 3049 haec
385 3011 486 3050 rursus
513 2990 543 3047 in
565 2988 689 3048 medium
711 2989 824 3048 adferre
845 2990 932 3060 volui,
954 3009 1091 3065 promea
1112 2989 1201 3065 philo-

125 3069 274 3143 sophandi
293 3069 438 3144 libertate,
463 3089 548 3147 quam
570 3069 691 3128 utboni
713 3070 855 3141 consulas,
878 3069 963 3128 enixe
984 3089 1064 3144 rogo.

161 3219 261 3265 Dabam
277 3221 388 3267 Londini
405 3222 429 3268 d.
448 3221 474 3267 ll
493 3221 566 3267 Febr.
586 3221 653 3266 1616.

170 3350 298 3410 Maxime
320 3353 355 3411 de
376 3353 476 3429 Regiae
499 3353 651 3412 Societatis
672 3353 777 3411 studiis
797 3357 827 3411 et
847 3351 994 3411 exercitiis
1009 3350 1201 3427 praesentibus

127 3435 226 3490 tecum
247 3452 343 3507 agam,
366 3433 390 3491 si
411 3434 490 3492 Deus
511 3433 601 3492 vitam
624 3438 654 3491 et
674 3432 871 3491 valetudinem
893 3430 1069 3490 concesserit
