<?xml version="1.0" encoding="UTF-8"?>
<!DOCTYPE html PUBLIC "-//W3C//DTD XHTML 1.0 Transitional//EN"
    "http://www.w3.org/TR/xhtml1/DTD/xhtml1-transitional.dtd">
<html xmlns="http://www.w3.org/1999/xhtml" xml:lang="en" lang="en">
 <head>
  <title>
</title>
<meta http-equiv="Content-Type" content="text/html;charset=utf-8" />
  <meta name='ocr-system' content='tesseract 3.04.00' />
  <meta name='ocr-capabilities' content='ocr_page ocr_carea ocr_par ocr_line ocrx_word'/>
</head>
<body>
  <div class='ocr_page' id='page_1' title='image "./operaquotquotre00landgoog_0184.png"; bbox 0 0 2662 4298; ppageno 0'>
   <div class='ocr_carea' id='block_1_1' title="bbox 190 332 920 392">
    <p class='ocr_par' dir='ltr' id='par_1_1' title="bbox 190 332 920 392">
     <span class='ocr_line' id='line_1_1' title="bbox 190 332 920 392; baseline 0.003 -2"><span class='ocrx_word' id='word_1_1' title='bbox 190 332 247 391; x_wconf 92' lang='lat'><strong>180</strong></span> <span class='ocrx_word' id='word_1_2' title='bbox 522 351 744 391; x_wconf 74' lang='lat' dir='ltr'><strong>Annornrronus</strong></span> <span class='ocrx_word' id='word_1_3' title='bbox 764 352 796 390; x_wconf 86' lang='lat' dir='ltr'><strong>rn</strong></span> <span class='ocrx_word' id='word_1_4' title='bbox 817 351 920 392; x_wconf 74' lang='lat' dir='ltr'><strong>aanor.</strong></span> 
     </span>
    </p>
   </div>
   <div class='ocr_carea' id='block_1_2' title="bbox 187 519 1262 2593">
    <p class='ocr_par' dir='ltr' id='par_1_2' title="bbox 187 519 1262 2593">
     <span class='ocr_line' id='line_1_2' title="bbox 192 519 1262 594; baseline 0.001 -15"><span class='ocrx_word' id='word_1_5' title='bbox 192 520 268 590; x_wconf 85' lang='lat' dir='ltr'><strong>(vide</strong></span> <span class='ocrx_word' id='word_1_6' title='bbox 300 519 372 579; x_wconf 85' lang='lat' dir='ltr'><strong>Gen.</strong></span> <span class='ocrx_word' id='word_1_7' title='bbox 405 539 467 594; x_wconf 88' lang='lat' dir='ltr'><strong>cap.</strong></span> <span class='ocrx_word' id='word_1_8' title='bbox 500 519 547 578; x_wconf 82' lang='lat'><strong>28.</strong></span> <span class='ocrx_word' id='word_1_9' title='bbox 579 538 622 577; x_wconf 89' lang='lat' dir='ltr'><strong>vs.</strong></span> <span class='ocrx_word' id='word_1_10' title='bbox 651 519 696 578; x_wconf 92' lang='lat'><strong>10.</strong></span> <span class='ocrx_word' id='word_1_11' title='bbox 719 523 748 577; x_wconf 90' lang='lat' dir='ltr'><strong>et</strong></span> <span class='ocrx_word' id='word_1_12' title='bbox 769 539 831 594; x_wconf 91' lang='lat' dir='ltr'><strong>cap.</strong></span> <span class='ocrx_word' id='word_1_13' title='bbox 855 520 903 579; x_wconf 81' lang='lat'><strong>31.</strong></span> <span class='ocrx_word' id='word_1_14' title='bbox 925 539 969 578; x_wconf 89' lang='lat' dir='ltr'><strong>vs.</strong></span> <span class='ocrx_word' id='word_1_15' title='bbox 993 521 1042 579; x_wconf 82' lang='lat'><strong>13.</strong></span> <span class='ocrx_word' id='word_1_16' title='bbox 1065 521 1138 594; x_wconf 91' lang='lat' dir='ltr'><strong>[LB,</strong></span> <span class='ocrx_word' id='word_1_17' title='bbox 1161 523 1212 580; x_wconf 89' lang='lat' dir='ltr'><strong>M:</strong></span> <span class='ocrx_word' id='word_1_18' title='bbox 1234 527 1262 580; x_wconf 91' lang='lat' dir='ltr'><strong>et</strong></span> 
     </span>
     <span class='ocr_line' id='line_1_3' title="bbox 191 599 1260 678; baseline 0.002 -19"><span class='ocrx_word' id='word_1_19' title='bbox 191 621 252 676; x_wconf 89' lang='lat' dir='ltr'><strong>cap.</strong></span> <span class='ocrx_word' id='word_1_20' title='bbox 286 601 332 659; x_wconf 88' lang='lat'><strong>35.</strong></span> <span class='ocrx_word' id='word_1_21' title='bbox 365 619 408 658; x_wconf 87' lang='lat' dir='ltr'><strong>vs.</strong></span> <span class='ocrx_word' id='word_1_22' title='bbox 437 601 489 673; x_wconf 73' lang='lat' dir='ltr'><strong>l]),</strong></span> <span class='ocrx_word' id='word_1_23' title='bbox 511 603 651 674; x_wconf 84' lang='lat' dir='ltr'><strong>quantum</strong></span> <span class='ocrx_word' id='word_1_24' title='bbox 672 599 767 674; x_wconf 93' lang='lat' dir='ltr'><strong>potuit</strong></span> <span class='ocrx_word' id='word_1_25' title='bbox 787 599 939 658; x_wconf 79' lang='lat' dir='ltr'><strong>festinavit</strong></span> <span class='ocrx_word' id='word_1_26' title='bbox 961 600 1032 673; x_wconf 89' lang='lat' dir='ltr'><strong>[LB,</strong></span> <span class='ocrx_word' id='word_1_27' title='bbox 1055 602 1103 658; x_wconf 91' lang='lat' dir='ltr'><strong>M:</strong></span> <span class='ocrx_word' id='word_1_28' title='bbox 1127 602 1163 659; x_wconf 91' lang='lat' dir='ltr'><strong>ad</strong></span> <span class='ocrx_word' id='word_1_29' title='bbox 1186 604 1260 678; x_wconf 88' lang='lat' dir='ltr'><strong>quod</strong></span> 
     </span>
     <span class='ocr_line' id='line_1_4' title="bbox 190 678 1259 756; baseline 0.001 -17"><span class='ocrx_word' id='word_1_30' title='bbox 190 681 276 739; x_wconf 88' lang='lat' dir='ltr'><strong>etiam</strong></span> <span class='ocrx_word' id='word_1_31' title='bbox 308 680 476 738; x_wconf 88' lang='lat' dir='ltr'><strong>solvendum</strong></span> <span class='ocrx_word' id='word_1_32' title='bbox 506 680 585 738; x_wconf 88' lang='lat' dir='ltr'><strong>Deus</strong></span> <span class='ocrx_word' id='word_1_33' title='bbox 615 679 708 754; x_wconf 84' lang='lat' dir='ltr'><strong>ipsum</strong></span> <span class='ocrx_word' id='word_1_34' title='bbox 736 679 848 737; x_wconf 91' lang='lat' dir='ltr'><strong>monuit</strong></span> <span class='ocrx_word' id='word_1_35' title='bbox 868 678 986 752; x_wconf 85' lang='lat' dir='ltr'><strong>(Genes.</strong></span> <span class='ocrx_word' id='word_1_36' title='bbox 1008 699 1071 756; x_wconf 90' lang='lat' dir='ltr'><strong>cap.</strong></span> <span class='ocrx_word' id='word_1_37' title='bbox 1095 683 1142 739; x_wconf 88' lang='lat'><strong>31.</strong></span> <span class='ocrx_word' id='word_1_38' title='bbox 1166 701 1210 741; x_wconf 82' lang='lat' dir='ltr'><strong>vs,</strong></span> <span class='ocrx_word' id='word_1_39' title='bbox 1233 684 1259 740; x_wconf 79' lang='lat'><strong>3,</strong></span> 
     </span>
     <span class='ocr_line' id='line_1_5' title="bbox 190 759 1258 836; baseline 0 -16"><span class='ocrx_word' id='word_1_40' title='bbox 190 766 219 820; x_wconf 91' lang='lat' dir='ltr'><strong>et</strong></span> <span class='ocrx_word' id='word_1_41' title='bbox 242 761 301 834; x_wconf 87' lang='lat'><strong>13.)</strong></span> <span class='ocrx_word' id='word_1_42' title='bbox 323 763 352 818; x_wconf 89' lang='lat' dir='ltr'><strong>et</strong></span> <span class='ocrx_word' id='word_1_43' title='bbox 372 759 509 816; x_wconf 86' lang='lat' dir='ltr'><strong>auxilium</strong></span> <span class='ocrx_word' id='word_1_44' title='bbox 530 779 621 829; x_wconf 89' lang='lat' dir='ltr'><strong>suurn,</strong></span> <span class='ocrx_word' id='word_1_45' title='bbox 644 759 751 835; x_wconf 92' lang='lat' dir='ltr'><strong>quoin</strong></span> <span class='ocrx_word' id='word_1_46' title='bbox 773 759 897 834; x_wconf 89' lang='lat' dir='ltr'><strong>patriam</strong></span> <span class='ocrx_word' id='word_1_47' title='bbox 918 761 1081 830; x_wconf 75' lang='lat' dir='ltr'><strong>duceretur,</strong></span> <span class='ocrx_word' id='word_1_48' title='bbox 1103 761 1258 836; x_wconf 67' lang='lat' dir='ltr'><strong>promisit}</strong></span> 
     </span>
     <span class='ocr_line' id='line_1_6' title="bbox 193 839 1260 915; baseline 0.003 -17"><span class='ocrx_word' id='word_1_49' title='bbox 193 841 274 910; x_wconf 79' lang='lat' dir='ltr'><strong>Quod</strong></span> <span class='ocrx_word' id='word_1_50' title='bbox 306 839 330 897; x_wconf 89' lang='lat' dir='ltr'><strong>si</strong></span> <span class='ocrx_word' id='word_1_51' title='bbox 361 842 459 897; x_wconf 87' lang='lat' dir='ltr'><strong>tamen</strong></span> <span class='ocrx_word' id='word_1_52' title='bbox 480 840 526 897; x_wconf 89' lang='lat' dir='ltr'><strong>hee</strong></span> <span class='ocrx_word' id='word_1_53' title='bbox 548 840 720 914; x_wconf 75' lang='lat' dir='ltr'><strong>conjecturae</strong></span> <span class='ocrx_word' id='word_1_54' title='bbox 740 839 837 914; x_wconf 91' lang='lat' dir='ltr'><strong>potius</strong></span> <span class='ocrx_word' id='word_1_55' title='bbox 858 858 943 915; x_wconf 89' lang='lat' dir='ltr'><strong>quam</strong></span> <span class='ocrx_word' id='word_1_56' title='bbox 965 839 1095 899; x_wconf 89' lang='lat' dir='ltr'><strong>rationes</strong></span> <span class='ocrx_word' id='word_1_57' title='bbox 1115 841 1260 913; x_wconf 85' lang='lat' dir='ltr'><strong>videntur,</strong></span> 
     </span>
     <span class='ocr_line' id='line_1_7' title="bbox 190 919 1262 998; baseline 0.002 -19"><span class='ocrx_word' id='word_1_58' title='bbox 190 940 245 996; x_wconf 85' lang='lat' dir='ltr'><strong>age</strong></span> <span class='ocrx_word' id='word_1_59' title='bbox 280 920 477 990; x_wconf 86' lang='lat' dir='ltr'><strong>concedamus,</strong></span> <span class='ocrx_word' id='word_1_60' title='bbox 513 920 654 985; x_wconf 71' lang='lat' dir='ltr'><strong>Jacoioum</strong></span> <span class='ocrx_word' id='word_1_61' title='bbox 691 921 718 977; x_wconf 83' lang='lat'><strong>8.</strong></span> <span class='ocrx_word' id='word_1_62' title='bbox 753 920 800 978; x_wconf 90' lang='lat' dir='ltr'><strong>vel</strong></span> <span class='ocrx_word' id='word_1_63' title='bbox 832 921 890 991; x_wconf 79' lang='lat'><strong>10,</strong></span> <span class='ocrx_word' id='word_1_64' title='bbox 922 925 952 978; x_wconf 83' lang='lat' dir='ltr'><strong>et</strong></span> <span class='ocrx_word' id='word_1_65' title='bbox 983 919 1007 978; x_wconf 88' lang='lat' dir='ltr'><strong>si</strong></span> <span class='ocrx_word' id='word_1_66' title='bbox 1038 921 1135 996; x_wconf 86' lang='lat' dir='ltr'><strong>placet</strong></span> <span class='ocrx_word' id='word_1_67' title='bbox 1165 922 1262 998; x_wconf 90' lang='lat' dir='ltr'><strong>plures</strong></span> 
     </span>
     <span class='ocr_line' id='line_1_8' title="bbox 189 998 1261 1076; baseline 0.002 -18"><span class='ocrx_word' id='word_1_68' title='bbox 189 1000 318 1075; x_wconf 84' lang='lat' dir='ltr'><strong>insuper,</strong></span> <span class='ocrx_word' id='word_1_69' title='bbox 350 1019 442 1058; x_wconf 87' lang='lat' dir='ltr'><strong>annos</strong></span> <span class='ocrx_word' id='word_1_70' title='bbox 473 998 555 1058; x_wconf 89' lang='lat' dir='ltr'><strong>brevi</strong></span> <span class='ocrx_word' id='word_1_71' title='bbox 585 1001 641 1058; x_wconf 93' lang='lat' dir='ltr'><strong>hoc</strong></span> <span class='ocrx_word' id='word_1_72' title='bbox 671 999 784 1069; x_wconf 90' lang='lat' dir='ltr'><strong>itinere,</strong></span> <span class='ocrx_word' id='word_1_73' title='bbox 816 999 908 1075; x_wconf 87' lang='lat' dir='ltr'><strong>pejori</strong></span> <span class='ocrx_word' id='word_1_74' title='bbox 937 998 1000 1059; x_wconf 85' lang='lat' dir='ltr'><strong>fato</strong></span> <span class='ocrx_word' id='word_1_75' title='bbox 1029 1021 1117 1076; x_wconf 88' lang='lat' dir='ltr'><strong>quam</strong></span> <span class='ocrx_word' id='word_1_76' title='bbox 1138 1001 1261 1061; x_wconf 86' lang='lat' dir='ltr'><strong>Ulissem</strong></span> 
     </span>
     <span class='ocr_line' id='line_1_9' title="bbox 191 1079 1260 1156; baseline 0.003 -18"><span class='ocrx_word' id='word_1_77' title='bbox 191 1085 287 1139; x_wconf 90' lang='lat' dir='ltr'><strong>actum</strong></span> <span class='ocrx_word' id='word_1_78' title='bbox 309 1083 350 1150; x_wconf 68' lang='lat'><strong>**,</strong></span> <span class='ocrx_word' id='word_1_79' title='bbox 397 1079 615 1155; x_wconf 82' lang='lat' dir='ltr'><strong>consumpsisse.</strong></span> <span class='ocrx_word' id='word_1_80' title='bbox 658 1081 722 1138; x_wconf 93' lang='lat' dir='ltr'><strong>Hoc</strong></span> <span class='ocrx_word' id='word_1_81' title='bbox 761 1084 840 1138; x_wconf 91' lang='lat' dir='ltr'><strong>certe</strong></span> <span class='ocrx_word' id='word_1_82' title='bbox 880 1099 989 1155; x_wconf 87' lang='lat' dir='ltr'><strong>negare</strong></span> <span class='ocrx_word' id='word_1_83' title='bbox 1023 1099 1082 1138; x_wconf 93' lang='lat' dir='ltr'><strong>non</strong></span> <span class='ocrx_word' id='word_1_84' title='bbox 1114 1085 1260 1156; x_wconf 91' lang='lat' dir='ltr'><strong>poterunt,</strong></span> 
     </span>
     <span class='ocr_line' id='line_1_10' title="bbox 190 1159 1260 1236; baseline 0.001 -17"><span class='ocrx_word' id='word_1_85' title='bbox 190 1162 266 1236; x_wconf 92' lang='lat' dir='ltr'><strong>quod</strong></span> <span class='ocrx_word' id='word_1_86' title='bbox 287 1160 439 1236; x_wconf 86' lang='lat' dir='ltr'><strong>Benjamin</strong></span> <span class='ocrx_word' id='word_1_87' title='bbox 459 1160 489 1218; x_wconf 93' lang='lat' dir='ltr'><strong>in</strong></span> <span class='ocrx_word' id='word_1_88' title='bbox 510 1160 611 1218; x_wconf 89' lang='lat' dir='ltr'><strong>ultimo</strong></span> <span class='ocrx_word' id='word_1_89' title='bbox 622 1160 708 1235; x_wconf 90' lang='lat' dir='ltr'><strong>hujus</strong></span> <span class='ocrx_word' id='word_1_90' title='bbox 718 1159 962 1235; x_wconf 83' lang='lat' dir='ltr'><strong>peregrinationis</strong></span> <span class='ocrx_word' id='word_1_91' title='bbox 972 1180 1049 1219; x_wconf 89' lang='lat' dir='ltr'><strong>anno</strong></span> <span class='ocrx_word' id='word_1_92' title='bbox 1060 1165 1149 1220; x_wconf 88' lang='lat' dir='ltr'><strong>natus</strong></span> <span class='ocrx_word' id='word_1_93' title='bbox 1158 1162 1260 1234; x_wconf 73' lang='lat' dir='ltr'><strong>fuerit;</strong></span> 
     </span>
     <span class='ocr_line' id='line_1_11' title="bbox 190 1239 1260 1317; baseline 0.001 -17"><span class='ocrx_word' id='word_1_94' title='bbox 190 1243 244 1301; x_wconf 91' lang='lat' dir='ltr'><strong>hoc</strong></span> <span class='ocrx_word' id='word_1_95' title='bbox 275 1246 327 1312; x_wconf 88' lang='lat' dir='ltr'><strong>est,</strong></span> <span class='ocrx_word' id='word_1_96' title='bbox 359 1260 396 1299; x_wconf 85' lang='lat' dir='ltr'><strong>ex</strong></span> <span class='ocrx_word' id='word_1_97' title='bbox 420 1260 518 1298; x_wconf 91' lang='lat' dir='ltr'><strong>eorum</strong></span> <span class='ocrx_word' id='word_1_98' title='bbox 539 1239 702 1315; x_wconf 88' lang='lat' dir='ltr'><strong>hypothesi,</strong></span> <span class='ocrx_word' id='word_1_99' title='bbox 725 1259 801 1298; x_wconf 92' lang='lat' dir='ltr'><strong>anno</strong></span> <span class='ocrx_word' id='word_1_100' title='bbox 823 1239 987 1298; x_wconf 86' lang='lat' dir='ltr'><strong>nativitatis</strong></span> <span class='ocrx_word' id='word_1_101' title='bbox 1008 1241 1131 1317; x_wconf 87' lang='lat' dir='ltr'><strong>Josephi</strong></span> <span class='ocrx_word' id='word_1_102' title='bbox 1152 1243 1260 1301; x_wconf 89' lang='lat' dir='ltr'><strong>decimo</strong></span> 
     </span>
     <span class='ocr_line' id='line_1_12' title="bbox 191 1319 1260 1398; baseline 0.002 -19"><span class='ocrx_word' id='word_1_103' title='bbox 191 1322 292 1398; x_wconf 90' lang='lat' dir='ltr'><strong>quinto</strong></span> <span class='ocrx_word' id='word_1_104' title='bbox 313 1326 364 1380; x_wconf 91' lang='lat' dir='ltr'><strong>aut</strong></span> <span class='ocrx_word' id='word_1_105' title='bbox 385 1320 494 1379; x_wconf 89' lang='lat' dir='ltr'><strong>decimo</strong></span> <span class='ocrx_word' id='word_1_106' title='bbox 515 1324 598 1378; x_wconf 83' lang='lat' dir='ltr'><strong>sexto</strong></span> <span class='ocrx_word' id='word_1_107' title='bbox 620 1324 671 1378; x_wconf 85' lang='lat' dir='ltr'><strong>aut</strong></span> <span class='ocrx_word' id='word_1_108' title='bbox 692 1319 815 1379; x_wconf 79' lang='lat' dir='ltr'><strong>circiter.</strong></span> <span class='ocrx_word' id='word_1_109' title='bbox 837 1319 911 1378; x_wconf 88' lang='lat' dir='ltr'><strong>Nam</strong></span> <span class='ocrx_word' id='word_1_110' title='bbox 931 1322 1061 1379; x_wconf 86' lang='lat' dir='ltr'><strong>Jacobus</strong></span> <span class='ocrx_word' id='word_1_111' title='bbox 1081 1341 1160 1380; x_wconf 87' lang='lat' dir='ltr'><strong>anno</strong></span> <span class='ocrx_word' id='word_1_112' title='bbox 1182 1343 1200 1380; x_wconf 84' lang='lat' dir='ltr'><strong>a</strong></span> <span class='ocrx_word' id='word_1_113' title='bbox 1213 1343 1260 1381; x_wconf 85' lang='lat' dir='ltr'><strong>na·</strong></span> 
     </span>
     <span class='ocr_line' id='line_1_13' title="bbox 190 1400 1259 1476; baseline 0 -15"><span class='ocrx_word' id='word_1_114' title='bbox 190 1403 305 1461; x_wconf 89' lang='lat' dir='ltr'><strong>tivitate</strong></span> <span class='ocrx_word' id='word_1_115' title='bbox 325 1401 416 1476; x_wconf 88' lang='lat' dir='ltr'><strong>ipsius</strong></span> <span class='ocrx_word' id='word_1_116' title='bbox 436 1400 557 1475; x_wconf 86' lang='lat' dir='ltr'><strong>Josephi</strong></span> <span class='ocrx_word' id='word_1_117' title='bbox 578 1402 628 1437; x_wconf 84' lang='lat'><strong>***</strong></span> <span class='ocrx_word' id='word_1_118' title='bbox 652 1401 677 1459; x_wconf 87' lang='lat'><strong>7.</strong></span> <span class='ocrx_word' id='word_1_119' title='bbox 700 1401 819 1459; x_wconf 88' lang='lat' dir='ltr'><strong>Labano</strong></span> <span class='ocrx_word' id='word_1_120' title='bbox 840 1400 1000 1471; x_wconf 84' lang='lat' dir='ltr'><strong>valedixit;</strong></span> <span class='ocrx_word' id='word_1_121' title='bbox 1023 1405 1055 1459; x_wconf 90' lang='lat' dir='ltr'><strong>at</strong></span> <span class='ocrx_word' id='word_1_122' title='bbox 1075 1420 1202 1461; x_wconf 88' lang='lat' dir='ltr'><strong>exanno</strong></span> <span class='ocrx_word' id='word_1_123' title='bbox 1216 1404 1259 1461; x_wconf 79' lang='lat'><strong>17.</strong></span> 
     </span>
     <span class='ocr_line' id='line_1_14' title="bbox 190 1480 1260 1558; baseline 0 -18"><span class='ocrx_word' id='word_1_124' title='bbox 190 1482 286 1541; x_wconf 86' lang='lat' dir='ltr'><strong>aetatis</strong></span> <span class='ocrx_word' id='word_1_125' title='bbox 306 1481 427 1557; x_wconf 82' lang='lat' dir='ltr'><strong>dosephi</strong></span> <span class='ocrx_word' id='word_1_126' title='bbox 448 1500 537 1555; x_wconf 93' lang='lat' dir='ltr'><strong>usque</strong></span> <span class='ocrx_word' id='word_1_127' title='bbox 559 1481 595 1538; x_wconf 87' lang='lat' dir='ltr'><strong>ad</strong></span> <span class='ocrx_word' id='word_1_128' title='bbox 617 1500 724 1538; x_wconf 87' lang='lat' dir='ltr'><strong>annum</strong></span> <span class='ocrx_word' id='word_1_129' title='bbox 746 1484 804 1552; x_wconf 68' lang='lat'><strong>***,</strong></span> <span class='ocrx_word' id='word_1_130' title='bbox 828 1500 885 1556; x_wconf 93' lang='lat' dir='ltr'><strong>quo</strong></span> <span class='ocrx_word' id='word_1_131' title='bbox 899 1480 1260 1558; x_wconf 84' lang='lat' dir='ltr'><strong>ipsepatriarchaAEgyp-</strong></span> 
     </span>
     <span class='ocr_line' id='line_1_15' title="bbox 189 1560 1260 1636; baseline 0.002 -17"><span class='ocrx_word' id='word_1_132' title='bbox 189 1567 253 1620; x_wconf 92' lang='lat' dir='ltr'><strong>turn</strong></span> <span class='ocrx_word' id='word_1_133' title='bbox 281 1580 402 1636; x_wconf 83' lang='lat' dir='ltr'><strong>peregre</strong></span> <span class='ocrx_word' id='word_1_134' title='bbox 422 1560 485 1631; x_wconf 88' lang='lat' dir='ltr'><strong>ivit,</strong></span> <span class='ocrx_word' id='word_1_135' title='bbox 507 1580 566 1618; x_wconf 93' lang='lat' dir='ltr'><strong>non</strong></span> <span class='ocrx_word' id='word_1_136' title='bbox 586 1560 683 1636; x_wconf 87' lang='lat' dir='ltr'><strong>plures</strong></span> <span class='ocrx_word' id='word_1_137' title='bbox 704 1581 790 1636; x_wconf 90' lang='lat' dir='ltr'><strong>quarn</strong></span> <span class='ocrx_word' id='word_1_138' title='bbox 812 1560 918 1635; x_wconf 89' lang='lat' dir='ltr'><strong>viginti</strong></span> <span class='ocrx_word' id='word_1_139' title='bbox 939 1560 995 1619; x_wconf 93' lang='lat' dir='ltr'><strong>duo</strong></span> <span class='ocrx_word' id='word_1_140' title='bbox 1016 1561 1086 1619; x_wconf 92' lang='lat' dir='ltr'><strong>anni</strong></span> <span class='ocrx_word' id='word_1_141' title='bbox 1108 1582 1260 1621; x_wconf 91' lang='lat' dir='ltr'><strong>numeran-</strong></span> 
     </span>
     <span class='ocr_line' id='line_1_16' title="bbox 190 1640 1260 1717; baseline 0.004 -19"><span class='ocrx_word' id='word_1_142' title='bbox 190 1646 247 1709; x_wconf 86' lang='lat' dir='ltr'><strong>tur,</strong></span> <span class='ocrx_word' id='word_1_143' title='bbox 279 1645 312 1698; x_wconf 93' lang='lat' dir='ltr'><strong>ut</strong></span> <span class='ocrx_word' id='word_1_144' title='bbox 342 1641 372 1699; x_wconf 92' lang='lat' dir='ltr'><strong>in</strong></span> <span class='ocrx_word' id='word_1_145' title='bbox 404 1642 459 1698; x_wconf 92' lang='lat' dir='ltr'><strong>hoc</strong></span> <span class='ocrx_word' id='word_1_146' title='bbox 488 1640 551 1716; x_wconf 93' lang='lat' dir='ltr'><strong>ipso</strong></span> <span class='ocrx_word' id='word_1_147' title='bbox 582 1641 684 1716; x_wconf 79' lang='lat' dir='ltr'><strong>Capite</strong></span> <span class='ocrx_word' id='word_1_148' title='bbox 704 1641 897 1713; x_wconf 79' lang='lat' dir='ltr'><strong>ostendimus3</strong></span> <span class='ocrx_word' id='word_1_149' title='bbox 919 1641 1047 1717; x_wconf 86' lang='lat' dir='ltr'><strong>adeoque</strong></span> <span class='ocrx_word' id='word_1_150' title='bbox 1068 1645 1086 1715; x_wconf 87' lang='lat'>†</span> <span class='ocrx_word' id='word_1_151' title='bbox 1107 1643 1260 1717; x_wconf 87' lang='lat' dir='ltr'><strong>Benjamin</strong></span> 
     </span>
     <span class='ocr_line' id='line_1_17' title="bbox 191 1720 1260 1798; baseline 0.002 -18"><span class='ocrx_word' id='word_1_152' title='bbox 191 1722 289 1780; x_wconf 90' lang='lat' dir='ltr'><strong>eodern</strong></span> <span class='ocrx_word' id='word_1_153' title='bbox 312 1724 348 1793; x_wconf 88' lang='lat'><strong>††</strong></span> <span class='ocrx_word' id='word_1_154' title='bbox 369 1725 507 1796; x_wconf 88' lang='lat' dir='ltr'><strong>ternpore,</strong></span> <span class='ocrx_word' id='word_1_155' title='bbox 530 1740 586 1796; x_wconf 93' lang='lat' dir='ltr'><strong>quo</strong></span> <span class='ocrx_word' id='word_1_156' title='bbox 608 1720 717 1780; x_wconf 87' lang='lat' dir='ltr'><strong>scilicet</strong></span> <span class='ocrx_word' id='word_1_157' title='bbox 736 1723 897 1797; x_wconf 80' lang='lat' dir='ltr'><strong>AEgyptum</strong></span> <span class='ocrx_word' id='word_1_158' title='bbox 917 1721 1065 1797; x_wconf 83' lang='lat' dir='ltr'><strong>profectus</strong></span> <span class='ocrx_word' id='word_1_159' title='bbox 1084 1727 1140 1794; x_wconf 87' lang='lat' dir='ltr'><strong>est,</strong></span> <span class='ocrx_word' id='word_1_160' title='bbox 1155 1723 1260 1798; x_wconf 78' lang='lat' dir='ltr'><strong>viginti</strong></span> 
     </span>
     <span class='ocr_line' id='line_1_18' title="bbox 190 1801 1260 1879; baseline 0.004 -20"><span class='ocrx_word' id='word_1_161' title='bbox 190 1806 251 1859; x_wconf 91' lang='lat' dir='ltr'><strong>tres</strong></span> <span class='ocrx_word' id='word_1_162' title='bbox 281 1805 331 1859; x_wconf 89' lang='lat' dir='ltr'><strong>aut</strong></span> <span class='ocrx_word' id='word_1_163' title='bbox 351 1801 458 1876; x_wconf 86' lang='lat' dir='ltr'><strong>viginti</strong></span> <span class='ocrx_word' id='word_1_164' title='bbox 479 1806 604 1876; x_wconf 86' lang='lat' dir='ltr'><strong>quatuor</strong></span> <span class='ocrx_word' id='word_1_165' title='bbox 624 1821 716 1860; x_wconf 87' lang='lat' dir='ltr'><strong>annos</strong></span> <span class='ocrx_word' id='word_1_166' title='bbox 737 1801 773 1860; x_wconf 90' lang='lat' dir='ltr'><strong>ad</strong></span> <span class='ocrx_word' id='word_1_167' title='bbox 794 1821 936 1860; x_wconf 86' lang='lat' dir='ltr'><strong>summum</strong></span> <span class='ocrx_word' id='word_1_168' title='bbox 958 1803 1084 1860; x_wconf 85' lang='lat' dir='ltr'><strong>habebat</strong></span> <span class='ocrx_word' id='word_1_169' title='bbox 1104 1805 1183 1876; x_wconf 73' lang='lat' dir='ltr'><strong>†J,†;</strong></span> <span class='ocrx_word' id='word_1_170' title='bbox 1206 1823 1260 1879; x_wconf 91' lang='lat' dir='ltr'><strong>quo</strong></span> 
     </span>
     <span class='ocr_line' id='line_1_19' title="bbox 190 1881 1258 1958; baseline 0.002 -17"><span class='ocrx_word' id='word_1_171' title='bbox 190 1881 285 1941; x_wconf 81' lang='lat' dir='ltr'><strong>aetatis</strong></span> <span class='ocrx_word' id='word_1_172' title='bbox 306 1882 376 1939; x_wconf 91' lang='lat' dir='ltr'><strong>flore</strong></span> <span class='ocrx_word' id='word_1_173' title='bbox 394 1885 514 1957; x_wconf 86' lang='lat' dir='ltr'><strong>nepotes</strong></span> <span class='ocrx_word' id='word_1_174' title='bbox 535 1901 600 1940; x_wconf 91' lang='lat' dir='ltr'><strong>eum</strong></span> <span class='ocrx_word' id='word_1_175' title='bbox 621 1881 757 1940; x_wconf 85' lang='lat' dir='ltr'><strong>habuisse</strong></span> <span class='ocrx_word' id='word_1_176' title='bbox 778 1886 893 1940; x_wconf 86' lang='lat' dir='ltr'><strong>constat</strong></span> <span class='ocrx_word' id='word_1_177' title='bbox 914 1881 992 1956; x_wconf 89' lang='lat' dir='ltr'><strong>(vide</strong></span> <span class='ocrx_word' id='word_1_178' title='bbox 1006 1881 1078 1941; x_wconf 81' lang='lat' dir='ltr'><strong>Gen.</strong></span> <span class='ocrx_word' id='word_1_179' title='bbox 1094 1901 1139 1958; x_wconf 91' lang='lat' dir='ltr'><strong>cp.</strong></span> <span class='ocrx_word' id='word_1_180' title='bbox 1155 1884 1205 1942; x_wconf 80' lang='lat'><strong>46.</strong></span> <span class='ocrx_word' id='word_1_181' title='bbox 1217 1904 1258 1943; x_wconf 88' lang='lat' dir='ltr'><strong>vs.</strong></span> 
     </span>
     <span class='ocr_line' id='line_1_20' title="bbox 190 1961 1260 2037; baseline 0.004 -19"><span class='ocrx_word' id='word_1_182' title='bbox 190 1962 249 2032; x_wconf 77' lang='lat'><strong>21,</strong></span> <span class='ocrx_word' id='word_1_183' title='bbox 282 1981 367 2037; x_wconf 88' lang='lat' dir='ltr'><strong>quern</strong></span> <span class='ocrx_word' id='word_1_184' title='bbox 399 1962 497 2020; x_wconf 91' lang='lat' dir='ltr'><strong>confer</strong></span> <span class='ocrx_word' id='word_1_185' title='bbox 527 1981 592 2020; x_wconf 90' lang='lat' dir='ltr'><strong>cum</strong></span> <span class='ocrx_word' id='word_1_186' title='bbox 623 1981 667 2019; x_wconf 78' lang='lat' dir='ltr'><strong>vs,</strong></span> <span class='ocrx_word' id='word_1_187' title='bbox 689 1962 737 2032; x_wconf 81' lang='lat'><strong>38,</strong></span> <span class='ocrx_word' id='word_1_188' title='bbox 759 1963 807 2032; x_wconf 85' lang='lat'><strong>39,</strong></span> <span class='ocrx_word' id='word_1_189' title='bbox 830 1963 878 2021; x_wconf 86' lang='lat'><strong>40.</strong></span> <span class='ocrx_word' id='word_1_190' title='bbox 900 1981 944 2037; x_wconf 91' lang='lat' dir='ltr'><strong>cp.</strong></span> <span class='ocrx_word' id='word_1_191' title='bbox 967 1961 1260 2022; x_wconf 65' lang='lat' dir='ltr'><strong>uenenorum</strong></span> 
     </span>
     <span class='ocr_line' id='line_1_21' title="bbox 190 2041 1259 2119; baseline 0.003 -20"><span class='ocrx_word' id='word_1_192' title='bbox 190 2062 233 2101; x_wconf 78' lang='lat' dir='ltr'><strong>vs,</strong></span> <span class='ocrx_word' id='word_1_193' title='bbox 257 2041 283 2101; x_wconf 90' lang='lat'><strong>1.</strong></span> <span class='ocrx_word' id='word_1_194' title='bbox 305 2048 335 2101; x_wconf 91' lang='lat' dir='ltr'><strong>et</strong></span> <span class='ocrx_word' id='word_1_195' title='bbox 355 2061 434 2119; x_wconf 90' lang='lat' dir='ltr'><strong>seqq.</strong></span> <span class='ocrx_word' id='word_1_196' title='bbox 457 2062 502 2117; x_wconf 91' lang='lat' dir='ltr'><strong>cp.</strong></span> <span class='ocrx_word' id='word_1_197' title='bbox 525 2041 643 2100; x_wconf 70' lang='grc'><strong>8.1.’1.</strong></span> <span class='ocrx_word' id='word_1_198' title='bbox 665 2041 812 2117; x_wconf 85' lang='lat' dir='ltr'><strong>Paralip.).</strong></span> <span class='ocrx_word' id='word_1_199' title='bbox 837 2042 906 2113; x_wconf 90' lang='lat' dir='ltr'><strong>[LB,</strong></span> <span class='ocrx_word' id='word_1_200' title='bbox 928 2043 975 2099; x_wconf 85' lang='lat' dir='ltr'><strong>M:</strong></span> <span class='ocrx_word' id='word_1_201' title='bbox 997 2041 1072 2100; x_wconf 84' lang='lat' dir='ltr'><strong>Nam</strong></span> <span class='ocrx_word' id='word_1_202' title='bbox 1083 2043 1176 2101; x_wconf 89' lang='lat' dir='ltr'><strong>Belah</strong></span> <span class='ocrx_word' id='word_1_203' title='bbox 1187 2045 1259 2102; x_wconf 93' lang='lat' dir='ltr'><strong>Ben-</strong></span> 
     </span>
     <span class='ocr_line' id='line_1_22' title="bbox 187 2121 1257 2198; baseline 0.001 -17"><span class='ocrx_word' id='word_1_204' title='bbox 187 2122 289 2198; x_wconf 87' lang='lat' dir='ltr'><strong>jamini</strong></span> <span class='ocrx_word' id='word_1_205' title='bbox 309 2121 519 2198; x_wconf 83' lang='lat' dir='ltr'><strong>primogenitus</strong></span> <span class='ocrx_word' id='word_1_206' title='bbox 540 2123 611 2181; x_wconf 92' lang='lat' dir='ltr'><strong>duos</strong></span> <span class='ocrx_word' id='word_1_207' title='bbox 620 2121 679 2197; x_wconf 89' lang='lat' dir='ltr'><strong>jarn</strong></span> <span class='ocrx_word' id='word_1_208' title='bbox 689 2121 772 2193; x_wconf 89' lang='lat' dir='ltr'><strong>filios,</strong></span> <span class='ocrx_word' id='word_1_209' title='bbox 784 2122 846 2179; x_wconf 89' lang='lat' dir='ltr'><strong>Ard</strong></span> <span class='ocrx_word' id='word_1_210' title='bbox 858 2125 888 2180; x_wconf 93' lang='lat' dir='ltr'><strong>et</strong></span> <span class='ocrx_word' id='word_1_211' title='bbox 897 2121 1080 2197; x_wconf 85' lang='lat' dir='ltr'><strong>Nahgaman,</strong></span> <span class='ocrx_word' id='word_1_212' title='bbox 1094 2128 1257 2197; x_wconf 82' lang='lat' dir='ltr'><strong>genuerat]</strong></span> 
     </span>
     <span class='ocr_line' id='line_1_23' title="bbox 190 2201 1260 2278; baseline 0.001 -16"><span class='ocrx_word' id='word_1_213' title='bbox 190 2204 272 2273; x_wconf 79' lang='lat' dir='ltr'><strong>Quod</strong></span> <span class='ocrx_word' id='word_1_214' title='bbox 292 2223 362 2262; x_wconf 83' lang='lat' dir='ltr'><strong>sane</strong></span> <span class='ocrx_word' id='word_1_215' title='bbox 383 2223 441 2261; x_wconf 92' lang='lat' dir='ltr'><strong>non</strong></span> <span class='ocrx_word' id='word_1_216' title='bbox 462 2202 556 2261; x_wconf 86' lang='lat' dir='ltr'><strong>minus</strong></span> <span class='ocrx_word' id='word_1_217' title='bbox 577 2222 594 2259; x_wconf 87' lang='lat' dir='ltr'><strong>a</strong></span> <span class='ocrx_word' id='word_1_218' title='bbox 616 2202 739 2260; x_wconf 83' lang='lat' dir='ltr'><strong>Ratione</strong></span> <span class='ocrx_word' id='word_1_219' title='bbox 760 2201 885 2260; x_wconf 88' lang='lat' dir='ltr'><strong>alienum</strong></span> <span class='ocrx_word' id='word_1_220' title='bbox 906 2206 951 2260; x_wconf 92' lang='lat' dir='ltr'><strong>est</strong></span> <span class='ocrx_word' id='word_1_221' title='bbox 969 2221 1055 2276; x_wconf 91' lang='lat' dir='ltr'><strong>quam</strong></span> <span class='ocrx_word' id='word_1_222' title='bbox 1067 2205 1083 2274; x_wconf 63' lang='grc' dir='ltr'><strong>ξ</strong></span> <span class='ocrx_word' id='word_1_223' title='bbox 1095 2204 1171 2278; x_wconf 94' lang='lat' dir='ltr'><strong>quod</strong></span> <span class='ocrx_word' id='word_1_224' title='bbox 1184 2204 1260 2263; x_wconf 87' lang='lat' dir='ltr'><strong>Dina</strong></span> 
     </span>
     <span class='ocr_line' id='line_1_24' title="bbox 189 2282 1259 2360; baseline 0.003 -19"><span class='ocrx_word' id='word_1_225' title='bbox 189 2284 336 2360; x_wconf 85' lang='lat' dir='ltr'><strong>septennis</strong></span> <span class='ocrx_word' id='word_1_226' title='bbox 368 2284 426 2342; x_wconf 89' lang='lat' dir='ltr'><strong>vim</strong></span> <span class='ocrx_word' id='word_1_227' title='bbox 457 2303 543 2358; x_wconf 84' lang='lat' dir='ltr'><strong>passa</strong></span> <span class='ocrx_word' id='word_1_228' title='bbox 565 2282 662 2353; x_wconf 89' lang='lat' dir='ltr'><strong>fuerit,</strong></span> <span class='ocrx_word' id='word_1_229' title='bbox 685 2282 855 2357; x_wconf 85' lang='lat' dir='ltr'><strong>etreliqua,</strong></span> <span class='ocrx_word' id='word_1_230' title='bbox 878 2302 942 2357; x_wconf 88' lang='lat' dir='ltr'><strong>quae</strong></span> <span class='ocrx_word' id='word_1_231' title='bbox 964 2302 1001 2340; x_wconf 83' lang='lat' dir='ltr'><strong>ex</strong></span> <span class='ocrx_word' id='word_1_232' title='bbox 1021 2283 1109 2358; x_wconf 89' lang='lat' dir='ltr'><strong>hujus</strong></span> <span class='ocrx_word' id='word_1_233' title='bbox 1130 2283 1259 2344; x_wconf 84' lang='lat' dir='ltr'><strong>historiae</strong></span> 
     </span>
     <span class='ocr_line' id='line_1_25' title="bbox 189 2361 1259 2439; baseline 0.002 -18"><span class='ocrx_word' id='word_1_234' title='bbox 189 2364 289 2422; x_wconf 92' lang='lat' dir='ltr'><strong>ordine</strong></span> <span class='ocrx_word' id='word_1_235' title='bbox 320 2368 354 2436; x_wconf 56' lang='grc' dir='ltr'><strong>ἐξ</strong></span> <span class='ocrx_word' id='word_1_236' title='bbox 382 2364 562 2423; x_wconf 77' lang='lat' dir='ltr'><strong>deduximus</strong></span> <span class='ocrx_word' id='word_1_237' title='bbox 585 2363 682 2438; x_wconf 83' lang='lat' dir='ltr'><strong>Atque</strong></span> <span class='ocrx_word' id='word_1_238' title='bbox 704 2363 774 2421; x_wconf 89' lang='lat' dir='ltr'><strong>adeo</strong></span> <span class='ocrx_word' id='word_1_239' title='bbox 796 2367 926 2438; x_wconf 87' lang='lat' dir='ltr'><strong>apparet,</strong></span> <span class='ocrx_word' id='word_1_240' title='bbox 949 2361 1079 2421; x_wconf 89' lang='lat' dir='ltr'><strong>homines</strong></span> <span class='ocrx_word' id='word_1_241' title='bbox 1099 2363 1259 2439; x_wconf 69' lang='lat' dir='ltr'><strong>imperitos</strong></span> 
     </span>
     <span class='ocr_line' id='line_1_26' title="bbox 191 2442 1261 2519; baseline 0.003 -19"><span class='ocrx_word' id='word_1_242' title='bbox 191 2444 256 2501; x_wconf 88' lang='lat' dir='ltr'><strong>dum</strong></span> <span class='ocrx_word' id='word_1_243' title='bbox 278 2445 370 2502; x_wconf 86' lang='lat' dir='ltr'><strong>nodos</strong></span> <span class='ocrx_word' id='word_1_244' title='bbox 391 2445 503 2502; x_wconf 86' lang='lat' dir='ltr'><strong>solvere</strong></span> <span class='ocrx_word' id='word_1_245' title='bbox 524 2444 651 2512; x_wconf 88' lang='lat' dir='ltr'><strong>student,</strong></span> <span class='ocrx_word' id='word_1_246' title='bbox 673 2442 704 2500; x_wconf 94' lang='lat' dir='ltr'><strong>in</strong></span> <span class='ocrx_word' id='word_1_247' title='bbox 725 2442 796 2500; x_wconf 89' lang='lat' dir='ltr'><strong>alios</strong></span> <span class='ocrx_word' id='word_1_248' title='bbox 816 2442 953 2512; x_wconf 90' lang='lat' dir='ltr'><strong>incidere,</strong></span> <span class='ocrx_word' id='word_1_249' title='bbox 975 2462 1093 2517; x_wconf 90' lang='lat' dir='ltr'><strong>remque</strong></span> <span class='ocrx_word' id='word_1_250' title='bbox 1113 2445 1210 2519; x_wconf 84' lang='lat' dir='ltr'><strong>magis</strong></span> <span class='ocrx_word' id='word_1_251' title='bbox 1220 2445 1261 2503; x_wconf 95' lang='lat' dir='ltr'><strong>in·</strong></span> 
     </span>
     <span class='ocr_line' id='line_1_27' title="bbox 188 2523 604 2593; baseline 0.002 -13"><span class='ocrx_word' id='word_1_252' title='bbox 188 2523 294 2581; x_wconf 86' lang='lat' dir='ltr'><strong>tricare</strong></span> <span class='ocrx_word' id='word_1_253' title='bbox 315 2528 345 2580; x_wconf 93' lang='lat' dir='ltr'><strong>et</strong></span> <span class='ocrx_word' id='word_1_254' title='bbox 365 2523 523 2581; x_wconf 88' lang='lat' dir='ltr'><strong>dilacerare</strong></span> <span class='ocrx_word' id='word_1_255' title='bbox 544 2526 604 2593; x_wconf 73' lang='lat'><strong>§§§.</strong></span> 
     </span>
    </p>
   </div>
   <div class='ocr_carea' id='block_1_3' title="bbox 191 2655 1263 3275">
    <p class='ocr_par' dir='ltr' id='par_1_3' title="bbox 193 2655 1262 2776">
     <span class='ocr_line' id='line_1_28' title="bbox 221 2655 1262 2716; baseline 0.004 -17"><span class='ocrx_word' id='word_1_256' title='bbox 221 2655 233 2680; x_wconf 81' lang='lat'><strong>*</strong></span> <span class='ocrx_word' id='word_1_257' title='bbox 284 2656 398 2710; x_wconf 77' lang='lat' dir='ltr'><strong>Quod...</strong></span> <span class='ocrx_word' id='word_1_258' title='bbox 416 2657 523 2700; x_wconf 76' lang='lat' dir='ltr'><strong>dixerim</strong></span> <span class='ocrx_word' id='word_1_259' title='bbox 539 2656 662 2702; x_wconf 85' lang='lat' dir='ltr'><strong>omittunt</strong></span> <span class='ocrx_word' id='word_1_260' title='bbox 678 2656 721 2701; x_wconf 89' lang='lat' dir='ltr'><strong>LB</strong></span> <span class='ocrx_word' id='word_1_261' title='bbox 739 2660 765 2702; x_wconf 88' lang='lat' dir='ltr'><strong>et</strong></span> <span class='ocrx_word' id='word_1_262' title='bbox 781 2657 822 2712; x_wconf 79' lang='lat' dir='ltr'><strong>M3</strong></span> <span class='ocrx_word' id='word_1_263' title='bbox 839 2661 865 2701; x_wconf 88' lang='lat' dir='ltr'><strong>at</strong></span> <span class='ocrx_word' id='word_1_264' title='bbox 881 2656 923 2701; x_wconf 91' lang='lat' dir='ltr'><strong>hic</strong></span> <span class='ocrx_word' id='word_1_265' title='bbox 939 2659 999 2714; x_wconf 88' lang='lat' dir='ltr'><strong>post</strong></span> <span class='ocrx_word' id='word_1_266' title='bbox 1015 2656 1080 2701; x_wconf 82' lang='lat' dir='ltr'><strong>Nam</strong></span> <span class='ocrx_word' id='word_1_267' title='bbox 1089 2658 1262 2716; x_wconf 82' lang='lat' dir='ltr'><strong>quodquidam</strong></span> 
     </span>
     <span class='ocr_line' id='line_1_29' title="bbox 193 2717 578 2776; baseline 0 -14"><span class='ocrx_word' id='word_1_268' title='bbox 193 2718 276 2763; x_wconf 81' lang='lat' dir='ltr'><strong>addit:</strong></span> <span class='ocrx_word' id='word_1_269' title='bbox 296 2719 324 2774; x_wconf 75' lang='lat' dir='ltr'><strong>(u.</strong></span> <span class='ocrx_word' id='word_1_270' title='bbox 342 2732 360 2762; x_wconf 86' lang='lat' dir='ltr'><strong>c.</strong></span> <span class='ocrx_word' id='word_1_271' title='bbox 378 2717 445 2763; x_wconf 75' lang='lat' dir='ltr'><strong>Acen</strong></span> <span class='ocrx_word' id='word_1_272' title='bbox 463 2719 578 2776; x_wconf 79' lang='lat' dir='ltr'><strong>Hpezra).</strong></span> 
     </span>
    </p>

    <p class='ocr_par' dir='ltr' id='par_1_4' title="bbox 222 2779 812 2836">
     <span class='ocr_line' id='line_1_30' title="bbox 222 2779 812 2836; baseline 0.003 -12"><span class='ocrx_word' id='word_1_273' title='bbox 222 2779 246 2804; x_wconf 83' lang='lat'><strong>**</strong></span> <span class='ocrx_word' id='word_1_274' title='bbox 284 2780 368 2836; x_wconf 76' lang='lat' dir='ltr'><strong>Pejor-i</strong></span> <span class='ocrx_word' id='word_1_275' title='bbox 377 2814 382 2825; x_wconf 91' lang='lat'><strong>.</strong></span> <span class='ocrx_word' id='word_1_276' title='bbox 393 2814 413 2827; x_wconf 91' lang='lat'><strong>..</strong></span> <span class='ocrx_word' id='word_1_277' title='bbox 442 2785 522 2825; x_wconf 85' lang='lat' dir='ltr'><strong>cetum</strong></span> <span class='ocrx_word' id='word_1_278' title='bbox 539 2781 662 2825; x_wconf 87' lang='lat' dir='ltr'><strong>omittunt</strong></span> <span class='ocrx_word' id='word_1_279' title='bbox 677 2780 719 2826; x_wconf 88' lang='lat' dir='ltr'><strong>LB</strong></span> <span class='ocrx_word' id='word_1_280' title='bbox 737 2784 763 2826; x_wconf 86' lang='lat' dir='ltr'><strong>et</strong></span> <span class='ocrx_word' id='word_1_281' title='bbox 778 2782 812 2826; x_wconf 90' lang='lat' dir='ltr'><strong>M.</strong></span> 
     </span>
    </p>

    <p class='ocr_par' dir='ltr' id='par_1_5' title="bbox 222 2841 807 2902">
     <span class='ocr_line' id='line_1_31' title="bbox 222 2841 807 2902; baseline 0.005 -16"><span class='ocrx_word' id='word_1_282' title='bbox 222 2841 259 2866; x_wconf 61' lang='lat'><strong>*²³*</strong></span> <span class='ocrx_word' id='word_1_283' title='bbox 285 2843 382 2888; x_wconf 85' lang='lat' dir='ltr'><strong>Decime</strong></span> <span class='ocrx_word' id='word_1_284' title='bbox 398 2844 483 2902; x_wconf 84' lang='lat' dir='ltr'><strong>quinio</strong></span> <span class='ocrx_word' id='word_1_285' title='bbox 494 2877 500 2887; x_wconf 91' lang='lat'><strong>.</strong></span> <span class='ocrx_word' id='word_1_286' title='bbox 512 2843 645 2901; x_wconf 81' lang='lat' dir='ltr'><strong>..Jceephi</strong></span> <span class='ocrx_word' id='word_1_287' title='bbox 661 2844 757 2889; x_wconf 89' lang='lat' dir='ltr'><strong>omittit</strong></span> <span class='ocrx_word' id='word_1_288' title='bbox 773 2845 807 2889; x_wconf 90' lang='lat' dir='ltr'><strong>M.</strong></span> 
     </span>
    </p>

    <p class='ocr_par' dir='ltr' id='par_1_6' title="bbox 222 2904 1110 2964">
     <span class='ocr_line' id='line_1_32' title="bbox 222 2904 1110 2964; baseline 0.002 -14"><span class='ocrx_word' id='word_1_289' title='bbox 222 2904 260 2962; x_wconf 57' lang='lat' dir='ltr'><strong>*a*</strong></span> <span class='ocrx_word' id='word_1_290' title='bbox 284 2905 334 2961; x_wconf 89' lang='lat' dir='ltr'><strong>LB,</strong></span> <span class='ocrx_word' id='word_1_291' title='bbox 351 2907 391 2950; x_wconf 90' lang='lat' dir='ltr'><strong>M:</strong></span> <span class='ocrx_word' id='word_1_292' title='bbox 408 2919 484 2964; x_wconf 80' lang='lat' dir='ltr'><strong>usque</strong></span> <span class='ocrx_word' id='word_1_293' title='bbox 500 2919 546 2963; x_wconf 84' lang='lat' dir='ltr'><strong>quo</strong></span> <span class='ocrx_word' id='word_1_294' title='bbox 561 2905 668 2951; x_wconf 80' lang='lat' dir='ltr'><strong>Jacobus</strong></span> <span class='ocrx_word' id='word_1_295' title='bbox 684 2907 820 2963; x_wconf 74' lang='lat' dir='ltr'><strong>AEpyptum</strong></span> <span class='ocrx_word' id='word_1_296' title='bbox 836 2907 963 2963; x_wconf 75' lang='lat' dir='ltr'><strong>oniprovit,</strong></span> <span class='ocrx_word' id='word_1_297' title='bbox 980 2919 1029 2951; x_wconf 77' lang='lat' dir='ltr'><strong>noer</strong></span> <span class='ocrx_word' id='word_1_298' title='bbox 1041 2905 1110 2963; x_wconf 81' lang='lat' dir='ltr'><strong>plue.</strong></span> 
     </span>
    </p>

    <p class='ocr_par' dir='ltr' id='par_1_7' title="bbox 222 2966 858 3026">
     <span class='ocr_line' id='line_1_33' title="bbox 222 2966 858 3026; baseline -0.002 -13"><span class='ocrx_word' id='word_1_299' title='bbox 222 2966 238 3025; x_wconf 83' lang='lat'><strong>†</strong></span> <span class='ocrx_word' id='word_1_300' title='bbox 281 2966 341 3013; x_wconf 86' lang='lat' dir='ltr'><strong>LB:</strong></span> <span class='ocrx_word' id='word_1_301' title='bbox 358 2981 421 3026; x_wconf 81' lang='lat' dir='ltr'><strong>erpo.</strong></span> <span class='ocrx_word' id='word_1_302' title='bbox 439 2970 464 3013; x_wconf 93' lang='lat' dir='ltr'><strong>M</strong></span> <span class='ocrx_word' id='word_1_303' title='bbox 482 2969 585 3014; x_wconf 88' lang='lat' dir='ltr'><strong>omittit.</strong></span> <span class='ocrx_word' id='word_1_304' title='bbox 649 2967 684 3026; x_wconf 83' lang='lat'><strong>††</strong></span> <span class='ocrx_word' id='word_1_305' title='bbox 700 2967 753 3024; x_wconf 91' lang='lat' dir='ltr'><strong>LB,</strong></span> <span class='ocrx_word' id='word_1_306' title='bbox 770 2967 808 3013; x_wconf 90' lang='lat' dir='ltr'><strong>M:</strong></span> <span class='ocrx_word' id='word_1_307' title='bbox 826 2982 858 3013; x_wconf 90' lang='lat' dir='ltr'><strong>eo.</strong></span> 
     </span>
    </p>

    <p class='ocr_par' dir='ltr' id='par_1_8' title="bbox 222 3029 675 3089">
     <span class='ocr_line' id='line_1_34' title="bbox 222 3029 675 3089; baseline 0 -14"><span class='ocrx_word' id='word_1_308' title='bbox 222 3029 275 3089; x_wconf 78' lang='lat' dir='ltr'><strong>†,t†</strong></span> <span class='ocrx_word' id='word_1_309' title='bbox 286 3030 337 3085; x_wconf 91' lang='lat' dir='ltr'><strong>LB,</strong></span> <span class='ocrx_word' id='word_1_310' title='bbox 362 3032 398 3075; x_wconf 93' lang='lat' dir='ltr'><strong>M:</strong></span> <span class='ocrx_word' id='word_1_311' title='bbox 426 3044 505 3076; x_wconf 81' lang='lat' dir='ltr'><strong>annea</strong></span> <span class='ocrx_word' id='word_1_312' title='bbox 521 3035 597 3076; x_wconf 80' lang='lat' dir='ltr'><strong>natue</strong></span> <span class='ocrx_word' id='word_1_313' title='bbox 613 3036 675 3076; x_wconf 82' lang='lat' dir='ltr'><strong>erat.</strong></span> 
     </span>
    </p>

    <p class='ocr_par' dir='ltr' id='par_1_9' title="bbox 221 3091 1261 3152">
     <span class='ocr_line' id='line_1_35' title="bbox 221 3091 1261 3152; baseline 0.003 -15"><span class='ocrx_word' id='word_1_314' title='bbox 221 3092 235 3151; x_wconf 63' lang='grc' dir='ltr'>ξ</span> <span class='ocrx_word' id='word_1_315' title='bbox 278 3092 335 3138; x_wconf 87' lang='lat' dir='ltr'><strong>LB:</strong></span> <span class='ocrx_word' id='word_1_316' title='bbox 353 3107 426 3151; x_wconf 84' lang='lat' dir='ltr'><strong>quom</strong></span> <span class='ocrx_word' id='word_1_317' title='bbox 443 3107 538 3138; x_wconf 79' lang='lat' dir='ltr'><strong>sumere</strong></span> <span class='ocrx_word' id='word_1_318' title='bbox 554 3094 624 3152; x_wconf 84' lang='lat' dir='ltr'><strong>quod.</strong></span> <span class='ocrx_word' id='word_1_319' title='bbox 641 3093 677 3137; x_wconf 93' lang='lat' dir='ltr'><strong>M:</strong></span> <span class='ocrx_word' id='word_1_320' title='bbox 696 3106 769 3151; x_wconf 82' lang='lat' dir='ltr'><strong>quom</strong></span> <span class='ocrx_word' id='word_1_321' title='bbox 786 3097 895 3137; x_wconf 80' lang='lat' dir='ltr'><strong>statuere</strong></span> <span class='ocrx_word' id='word_1_322' title='bbox 912 3093 983 3151; x_wconf 80' lang='lat' dir='ltr'><strong>quod.</strong></span> <span class='ocrx_word' id='word_1_323' title='bbox 1047 3091 1077 3150; x_wconf 59' lang='grc' dir='ltr'><strong>βξ</strong></span> <span class='ocrx_word' id='word_1_324' title='bbox 1093 3091 1143 3147; x_wconf 87' lang='lat' dir='ltr'><strong>LB,</strong></span> <span class='ocrx_word' id='word_1_325' title='bbox 1160 3092 1198 3137; x_wconf 91' lang='lat' dir='ltr'><strong>M:</strong></span> <span class='ocrx_word' id='word_1_326' title='bbox 1212 3094 1261 3151; x_wconf 79' lang='lat' dir='ltr'><strong>filo.</strong></span> 
     </span>
    </p>

    <p class='ocr_par' dir='ltr' id='par_1_10' title="bbox 191 3154 1263 3275">
     <span class='ocr_line' id='line_1_36' title="bbox 221 3154 1263 3215; baseline 0.001 -15"><span class='ocrx_word' id='word_1_327' title='bbox 221 3155 266 3215; x_wconf 53' lang='grc' dir='ltr'><strong>,ξξξ</strong></span> <span class='ocrx_word' id='word_1_328' title='bbox 282 3154 334 3212; x_wconf 90' lang='lat' dir='ltr'><strong>LB,</strong></span> <span class='ocrx_word' id='word_1_329' title='bbox 361 3156 397 3201; x_wconf 88' lang='lat' dir='ltr'><strong>M:</strong></span> <span class='ocrx_word' id='word_1_330' title='bbox 425 3157 505 3214; x_wconf 78' lang='lat' dir='ltr'><strong>Atque</strong></span> <span class='ocrx_word' id='word_1_331' title='bbox 530 3157 590 3201; x_wconf 85' lang='lat' dir='ltr'><strong>adeo</strong></span> <span class='ocrx_word' id='word_1_332' title='bbox 614 3160 727 3213; x_wconf 77' lang='lat' dir='ltr'><strong>apparet,</strong></span> <span class='ocrx_word' id='word_1_333' title='bbox 751 3156 819 3212; x_wconf 78' lang='lat' dir='ltr'><strong>ipsos</strong></span> <span class='ocrx_word' id='word_1_334' title='bbox 839 3156 865 3199; x_wconf 81' lang='lat' dir='ltr'><strong>iri</strong></span> <span class='ocrx_word' id='word_1_335' title='bbox 883 3156 990 3212; x_wconf 81' lang='lat' dir='ltr'><strong>Scyllam</strong></span> <span class='ocrx_word' id='word_1_336' title='bbox 1005 3155 1120 3210; x_wconf 77' lang='lat' dir='ltr'><strong>incidere,</strong></span> <span class='ocrx_word' id='word_1_337' title='bbox 1137 3157 1263 3213; x_wconf 79' lang='lat' dir='ltr'><strong>cupientes</strong></span> 
     </span>
     <span class='ocr_line' id='line_1_37' title="bbox 191 3217 449 3275; baseline 0.008 -13"><span class='ocrx_word' id='word_1_338' title='bbox 191 3219 270 3262; x_wconf 82' lang='lat' dir='ltr'><strong>vitare</strong></span> <span class='ocrx_word' id='word_1_339' title='bbox 289 3217 449 3275; x_wconf 75' lang='lat' dir='ltr'><strong>Charybdim.</strong></span> 
     </span>
    </p>
   </div>
   <div class='ocr_carea' id='block_1_4' title="bbox 565 3359 882 3604">
    <p class='ocr_par' dir='ltr' id='par_1_11' title="bbox 565 3359 882 3604">
     <span class='ocr_line' id='line_1_38' title="bbox 698 3359 752 3415; baseline -0.019 0"><span class='ocrx_word' id='word_1_340' title='bbox 698 3359 752 3415; x_wconf 84' lang='lat' dir='ltr'><strong>XV</strong></span> 
     </span>
     <span class='ocr_line' id='line_1_39' title="bbox 565 3542 882 3604; baseline -0.009 -13"><span class='ocrx_word' id='word_1_341' title='bbox 565 3545 606 3604; x_wconf 90' lang='lat' dir='ltr'><strong>(ad</strong></span> <span class='ocrx_word' id='word_1_342' title='bbox 623 3559 680 3604; x_wconf 86' lang='lat' dir='ltr'><strong>pag.</strong></span> <span class='ocrx_word' id='word_1_343' title='bbox 698 3544 735 3599; x_wconf 80' lang='lat'><strong>68,</strong></span> <span class='ocrx_word' id='word_1_344' title='bbox 759 3548 820 3589; x_wconf 85' lang='lat' dir='ltr'><strong>tom.</strong></span> <span class='ocrx_word' id='word_1_345' title='bbox 838 3542 882 3601; x_wconf 88' lang='grc' dir='ltr'><strong>ΙΙ).</strong></span> 
     </span>
    </p>
   </div>
   <div class='ocr_carea' id='block_1_5' title="bbox 188 3713 1301 3852">
    <p class='ocr_par' dir='ltr' id='par_1_12' title="bbox 188 3713 1301 3852">
     <span class='ocr_line' id='line_1_40' title="bbox 233 3713 1301 3788; baseline -0.002 -15"><span class='ocrx_word' id='word_1_346' title='bbox 233 3714 305 3773; x_wconf 80' lang='lat' dir='ltr'><strong>C&#39;est</strong></span> <span class='ocrx_word' id='word_1_347' title='bbox 327 3716 345 3771; x_wconf 81' lang='lat' dir='ltr'><strong>d</strong></span> <span class='ocrx_word' id='word_1_348' title='bbox 367 3717 485 3772; x_wconf 80' lang='lat' dir='ltr'><strong>dircen</strong></span> <span class='ocrx_word' id='word_1_349' title='bbox 507 3716 636 3773; x_wconf 83' lang='lat' dir='ltr'><strong>d’autrcs</strong></span> <span class='ocrx_word' id='word_1_350' title='bbox 658 3721 766 3781; x_wconf 70' lang='lat' dir='ltr'><strong>ierineS,</strong></span> <span class='ocrx_word' id='word_1_351' title='bbox 788 3714 812 3768; x_wconf 85' lang='lat' dir='ltr'><strong>ei</strong></span> <span class='ocrx_word' id='word_1_352' title='bbox 834 3713 908 3768; x_wconf 73' lang='lat' dir='ltr'><strong>deris</strong></span> <span class='ocrx_word' id='word_1_353' title='bbox 921 3731 962 3768; x_wconf 82' lang='lat' dir='ltr'><strong>een</strong></span> <span class='ocrx_word' id='word_1_354' title='bbox 974 3718 1056 3769; x_wconf 82' lang='lat' dir='ltr'><strong>autre</strong></span> <span class='ocrx_word' id='word_1_355' title='bbox 1066 3714 1160 3783; x_wconf 86' lang='lat' dir='ltr'><strong>ordre,</strong></span> <span class='ocrx_word' id='word_1_356' title='bbox 1173 3714 1260 3788; x_wconf 73' lang='lat' dir='ltr'><strong>qu&#39;iir</strong></span> <span class='ocrx_word' id='word_1_357' title='bbox 1299 3722 1301 3725; x_wconf 83' lang='lat'>&#39;</span> 
     </span>
     <span class='ocr_line' id='line_1_41' title="bbox 188 3793 743 3852; baseline -0.002 -1"><span class='ocrx_word' id='word_1_358' title='bbox 188 3812 223 3852; x_wconf 79' lang='lat' dir='ltr'><strong>ce</strong></span> <span class='ocrx_word' id='word_1_359' title='bbox 243 3813 271 3852; x_wconf 84' lang='lat' dir='ltr'><strong>se</strong></span> <span class='ocrx_word' id='word_1_360' title='bbox 293 3802 420 3852; x_wconf 77' lang='lat' dir='ltr'><strong>trouvent</strong></span> <span class='ocrx_word' id='word_1_361' title='bbox 442 3815 481 3852; x_wconf 83' lang='lat' dir='ltr'><strong>eu</strong></span> <span class='ocrx_word' id='word_1_362' title='bbox 503 3797 571 3852; x_wconf 80' lang='lat' dir='ltr'><strong>licre</strong></span> <span class='ocrx_word' id='word_1_363' title='bbox 593 3797 627 3852; x_wconf 86' lang='lat' dir='ltr'><strong>de</strong></span> <span class='ocrx_word' id='word_1_364' title='bbox 647 3793 743 3851; x_wconf 81' lang='lat' dir='ltr'><strong>Jooce‘.</strong></span> 
     </span>
    </p>
   </div>
   <div class='ocr_carea' id='block_1_6' title="bbox 0 0 1336 4298">
    <p class='ocr_par' dir='ltr' id='par_1_13' title="bbox 0 0 1336 4298">
     <span class='ocr_line' id='line_1_42' title="bbox 0 0 1336 4298; baseline 0 0"><span class='ocrx_word' id='word_1_365' title='bbox 0 0 1336 4298; x_wconf 95' lang='lat' dir='ltr'><strong> </strong></span> 
     </span>
    </p>
   </div>
  </div>
 </body>
</html>
